3867 4742
1180 288 2191 372 Bonnmco-Hunenmcuu.
2681 303 2722 392 sp
3043 346 3048 358 ,
3080 314 3231 394 493

238 434 621 514 Austriaca
651 435 730 510 in
761 426 1227 514 defensorem
1262 425 1718 536 deligerent,
1776 435 2186 525 statuimuS,
2239 423 2555 535 ne'saepe
2598 433 3000 514 nominatus
3043 436 3231 534 -Epi-

228 537 496 636 scopus
529 535 614 612 ab
646 535 903 610 iisdem
938 529 1012 610 se
1048 534 1356 635 separet.
1466 536 1919 634 Praecipimus
1952 535 2440 625 nihilominuS‚
2470 552 2553 610 ut
2587 532 2768 633 saepe
2803 532 3040 622 didius
3077 538 3270 614 Do·-

228 636 471 713 minus
502 632 730 712 frater
766 633 1010 711 noster
1049 634 1309 711 debitis
1354 635 1837 715 reversalibus
1872 636 2280 732 cautionem
2318 633 2644 736 praestet,
2698 636 2893 733 quod
2929 636 3228 713 liberta-

212 755 397 825 tes,
452 735 524 812 δι
560 735 945 847 privilegia
979 734 1453 835 Episcopatus
1488 735 1994 814 Olomucenfis
2060 738 2280 813 modo
2329 734 2815 836 praecedenti,
2867 736 3017 810 fine
3052 760 3233 836 prae·

217 833 507 933 judicio
554 857 791 911 tamen
819 835 1085 927 jurium
1125 837 2040 920 MarchionatusMoraviae
2072 837 2152 912 in
2195 835 2318 916 suo
2351 837 2620 936 vigore
2649 835 3118 936 relinquere,
3152 836 3227 916 Gt

225 930 635 1018 defendere
660 934 868 1012 velit.
918 935 1014 1014 Et
1045 937 1377 1034 quoniam
1408 935 1798 1036 appellatio
1832 949 1875 1012 a
1888 936 2054 1031 jure
2088 934 2358 1014 feudali
2390 940 2480 1013 ad
2503 935 2887 1013 Dominum
2906 931 3230 1025 fratrem,

223 1055 318 1112 ut
348 1032 877 1135 Expectantem
908 1037 1147 1134 Regni
1188 1038 1546 1115 Bohemiae
1566 1038 1615 1137 -(
1636 1038 1687 1111 fi
1726 1037 1895 1151 quis,
1920 1038 2022 1120 ad,
2048 1037 2354 1114 eundem
2389 1058 2792 1116 recurrere
2813 1091 2836 1124 ‚
2873 1033 2942 1114 δι
2976 1037 3226 1135 appel·

221 1135 387 1211 lare
419 1132 784 1236 voluerit)
827 1137 1027 1229 J'uxta
1062 1137 1270 1236 leges
1297 1136 1481 1236 juris
1520 1135 1823 1228 feudalis
1875 1139 2286 1236 procedere
2323 1136 2592 1220 debet;
2661 1136 3084 1223 statuimus,
3142 1151 3226 1212 ut

231 1233 596 1313 sententia
632 1253 800 1310 ante
834 1258 967 1334 per
1002 1235 1680 1314 Reverendiffimum
1716 1237 2127 1336 Principem
2165 1238 2543 1317 Dominum
2567 1235 2624 1313 F
2627 1234 3026 1330 rauciscum
3050 1240 3231 1312 Car-

233 1333 547 1413 dinalem
583 1331 1848 1431 de-Dyttrichstein-Olomucensem
1900 1339 2380 1438 Episcopum,
2437 1340 2679 1435 Regiae
2731 1335 3043 1435 Capellae
3089 1337 3231 1411 Bo-
3257 1403 3276 1414 t

234 1438 534 1514 hemieae
571 1437 976 1525 Comitem,
1030 1429 1355 1513 intimum
1422 1437 1965 1540 consiliarium,
2020 1438 2090 1515 δι
2137 1439 2439 1515 amicum
2486 1435 2848 1527 nostrum,
2904 1433 2977 1509 ἃ
3015 1435 3231 1512 Chri-

230 1537 658 1635 stophorum
694 1535 1122 1634 Sedlnitzky
1162 1539 1256 1613 de
1294 1540 1622 1616 Choltitz
1656 1538 2131 1636 pronunciata
2213 1538 2619 1638 erlegatur,
2669 1533 2744 1611 &
2794 1535 3230 1636 publicetur·

238 1638 339 1730 In,
358 1637 515 1712 aliis
538 1654 789 1712 nutem
827 1640 1042 1712 rebus
1091 1639 1461 1730 omnibuS,
1517 1640 1594 1714 in
1648 1639 1907 1739 quibus
1961 1641 2168 1716 Marc¹
2220 1638 2373 1715 ioni
2420 1636 2772 1713 Moraviae
2839 1635 3236 1734 eidemque
3341 1642 3352 1653 “

234 1757 456 1813 terrae
490 1736 879 1835 obligatur,
900 1739 1174 1838 absque
1211 1739 1790 1816 contradictione
1824 1741 2138 1816 Domino
2173 1740 2418 1816 nostro
2449 1734 2664 1814 fratri
2698 1734 2946 1825 subiit,
2981 1735 3221 1812 eidem

233 1855 533 1936 pareat,
585 1834 657 1912 δι
693 1839 891 1913 varia
920 1838 1205 1929 munia,
1264 1839 1333 1915 δι
1368 1837 1661 1915 servitia
1711 1858 1923 1914 terrie
1956 1838 2161 1937 juxta
2195 1839 2556 1937 antiquum
2609 1851 2887 1913 morem
2935 1834 3011 1910 ἃ
3053 1858 3229 1909 con-

236 1935 690 2012 suetudinem
708 1985 749 2025 ,-
787 1934 1138 2014 Landfrid
1171 1933 1812 2050 ‹it-conventiones
1846 1949 2276 2038 exequatur,
2312 1938 2745 2038 singulisque
2788 1933 2862 2020 Gt,
2897 1935 3226 2036 amnibus

236 2060 381 2138 per
420 2033 495 2111 sc
532 2032 936 2113 satisfaciat.
2225 2093 2236 2098 -
2303 2083 2310 2094 =
2620 2073 2630 2082 ·
3261 2051 3268 2068 ¹

248 2195 263 2206 .
400 2165 407 2171 ·
462 2135 784 2214 Tandem
824 2136 1319 2239 posteaquam,
1372 2158 1453 2216 ut
1478 2137 1691 2239 supra
1725 2156 2049 2224 notatum
2075 2189 2101 2228 ,
2138 2139 2370 2213 Status
2403 2135 2946 2218 Marchionatus
2983 2135 3249 2212 Mora..

237 2236 382 2313 viae
428 2236 1071 2316 dominioDomini
1109 2233 1622 2316 fratris'nostri
1659 2237 2078 2334 subjiciendi
2109 2235 2285 2326 fint,
2342 2241 2439 2312 n'e
2474 2238 2821 2336 deinceps
2883 2259 3019 2336 per
3051 2257 3231 2318 con-

239 2330 803 2428 tradifitionem,
854 2361 1011 2437 quae
1042 2339 1137 2415 ob
1169 2339 1438 2417 limites
1482 2341 1679 2418 inter
1716 2341 2046 2440 Regnum
2108 2337 2466 2415 Bohemiae
2535 2335 2626 2411 &c
2655 2336 3232 2422 Marchinnat‘um

240 2437 595 2513 Moraviae
627 2437 807 2514 oriri
838 2433 1160 2538 pofl'ent,
1215 2437 1581 2515 discordiae
1615 2441 1929 2539 quaedam
1973 2435 2395 2528 causentur,
2435 2438 2547 2513 his
2583 2436 2818 2511 literis
2858 2443 3230 2526 cavemuS,

224 2558 329 2614 ait
366 2535 674 2613 confinia
702 2556 1008 2637 utraque
1041 2539 1120 2613 in
1148 2535 1288 2614 suis
1322 2539 1662 2628 limitibus
1695 2560 1882 2614 nunc
1902 2538 1971 2614 &
2000 2538 2076 2613 in
2095 2537 2460 2637 posterum
2493 2555 2990 2635 permaneant,
3026 2536 3223 2636 quod
3323 2617 3335 2628 ‚

242 2625 299 2716 fi
336 2660 522 2714 vero
557 2639 939 2727 eveniret,
990 2653 1078 2714 ut
1111 2638 1305 2715 inter
1342 2640 1559 2716 cives‘
1590 2639 1684 2718 de
1717 2661 1802 2715 re
1831 2638 2064 2739 aliqua
2100 2637 2827 2725 controverteretur,
2883 2632 3234 2714 Commis-

236 2734 416 2814 sarii
453 2737 546 2813 de
580 2738 819 2829 uniuS,
856 2762 939 2812 ac
975 2738 1272 2818 alterius
1308 2740 1636 2838 regionis
1670 2757 1879 2839 parte
1929 2737 2183 2839 aequali
2233 2758 2536 2814 numero
2584 2735 3063 2841 deputentur,
3107 2733 3236 2833 qui

245 2857 533 2938 partem
567 2855 944 2952 utramque
977 2857 1296 2939 pacatam
1328 2840 1675 2929 reddant,
1711 2862 1795 2913 ac
1832 2837 2258 2918 sententiam
2291 2859 2555 2937 aequam
2588 2835 3102 2936 pronuncient.
3155 2832 3235 2919 si

244 2951 491 3014 autem
560 2937 655 3012 ob
691 2939 959 3014 limites
1047 2957 1241 3014 mter
1270 2941 1600 3039 Regnum
1650 2931 2037 3037 Hungariae
2088 2937 2158 3015 ἀ
2204 2936 2786 3016 Marchionatum
2833 2933 3235 3024 Moraviae,
3359 2973 3374 2992 2

245 3039 429 3114 item
462 3037 1299 3114 inter-Archi-Ducatiim
1329 3039 1679 3126 Austriae,
1732 3036 1805 3112 &
1838 3035 2420 3114 Marchionatum
2462 3035 2812 3115 Moraviae
2862 3031 3234 3116 discordie

247 3137 665 3228 orirentur,
717 3143 958 3216 Status
1006 3139 1241 3238 Regni
1263 3141 1621 3217 Bohemiae
1662 3143 1713 3214 fi
1755 3164 1797 3214 a
1832 3139 2140 3216 Statibus
2171 3133 3093 3216 Marchionatus'Moraviae
3111 3156 3235 3209 re·-

242 3234 489 3336 quinti
547 3234 827 3315 fuerint
854 3294 879 3328 ,
933 3240 1150 3316 etiam
1180 3234 1708 3316 Commiffarios
1763 3236 1923 3313 suos
1965 3232 2468 3332 Commiffariis
2530 3234 3071 3314 Marchionams
3108 3232 3234 3309 ad·-¹

242 3336 596 3438 jungant,
650 3339 999 3440 fimulque
1029 3364 1190 3416 cum
1224 3338 1363 3414 illis
1398 3334 1831 3438 (sumptibus
1863 3357 2102 3415 tamen
2135 3338 2468 3440 illorum)
2499 3335 2769 3412 limites
2797 3336 2939 3414 hos
2959 3326 3236 3408 defen·

254 3437 471 3528 dant,
526 3435 600 3512 δι
636 3457 1000 3516 tueantur.
1032 3477 1041 3482 ·
1102 3440 1302 3518 Inter
1334 3440 1523 3529 haec,
1563 3439 1756 3540 quod
1792 3438 1877 3515 ad
1914 3438 2467 3539 expeditionem
2489 3433 2780 3513 Domini
2814 3429 3061 3510 fratris
3096 3452 3236 3507 no·

251 3537 433 3627 stri,
483 3537 558 3613 in
602 3540 928 3637 Regnum
962 3540 1321 3617 Bohemiae
1365 3562 1525 3615 cum
1571 3561 1719 3615 non
1753 3539 2031 3638 exiguo
2074 3536 2328 3615 militis
2361 3558 2664 3614 numero
2703 3557 2915 3633 quem
2961 3534 3055 3612 ob
3095 3554 3234 3631 pe·

246 3636 562 3713 ticulum
596 3636 837 3714 secum
871 3640 1233 3717 adducere
1270 3639 1600 3740 dignatus
1640 3641 1788 3728 est,
1841 3640 2145 3729 attinet,
2200 3640 2542 3738 quoniam
2590 3657 2754 3714 cum
2787 3633 3051 3710 eodem
3085 3634 3238 3709 Do-

248 3737 453 3818 mino
490 3734 721 3818 fratre
777 3739 1028 3814 nostro
1081 3731 1281 3816 multi
1338 3739 1617 3816 nobiles
1638 3795 1662 3828 ,
1718 3729 2182 3838 &imprimis
2263 3759 2307 3810 a
2345 3735 2656 3814 statibus
2695 3734 3236 3811 Marchionatus

248 3837 605 3915 Moraviae
647 3838 1278 3937 plenipotentiarii
1309 3839 1678 3938 deputati,
1730 3840 1906 3928 item
1941 3839 2105 3928 alii,
2159 3835 2392 3936 quise
2426 3833 2682 3938 sponte
2727 3833 3043 3913 servitiis
3067 3831 3234 3925 ejns

249 3936 778 4032 adjunxerunt,
813 3939 936 4016 alii
966 3939 1285 4041 denique
1315 3939 1521 4033 juxta
1555 3935 2119 4016 transactionem
2149 3941 2474 4016 Statuum
2509 3935 3045 4014 Marchionatus
3066 3933 3250 4045 MP

246 4037 469 4116 raviae
505 4061 665 4114 cum
706 4037 1021 4116 Domino
1068 4035 1618 4127 fratrenostro,
1681 4040 1988 4116 statibus
2044 4037 2283 4136 Regni
2319 4035 2706 4137 Hungariae
2727 4091 2755 4128 ,
2805 4036 2982 4112 item
3015 4035 3235 4112 Stati-

244 4137 386 4214 bus
422 4136 819 4239 superioris
873 4163 960 4220 ac
982 4137 1397 4260 fgiferioris
1449 4139 1758 4317 Austrig,
1808 4135 2106 4235 faciam,
2177 4141 2504 4238 Regnum
2534 4140 2679 4217 hoc
2708 4130 3000 4238 ingreffi
3021 4129 3240 4311 ¹liunt,

374 4275 385 4306 ²
1782 4263 1910 4339 ‘lq
1952 4261 1996 4336 3
2049 4283 2054 4288 ’
2919 4261 2934 4270 “
3011 4307 3020 4318 ·
3079 4257 3150 4311 ’ἰ
3276 4261 3296 4274 ’
