3867 4742
659 293 803 374 142
982 309 990 320 -
1188 335 1193 342 .
1686 339 1693 348 ,
1939 253 2416 342 emtor-imon

656 441 839 504 VOS,
895 411 967 491 ἃ
1004 367 1247 489 omnia
1281 399 1679 488 vestrasub
1714 401 1833 502 sua
1868 408 2234 510 potestate
2264 405 2571 496 tenebit.
2675 403 2758 483 Iu
2795 402 2956 483 eius
2995 401 3390 509 conspeffl
3417 431 3610 512 genna

653 505 896 602 vestra
929 514 1405 600 vacillabunt,
1456 510 1528 586 ἃ
1554 510 1801 611 lingua
1838 509 2084 589 vestra
2119 527 2326 584 muto
2367 509 2611 610 palato
2658 508 3080 600 adherebit,
3152 510 3242 585 ad
3281 499 3603 594 cuius‘vo-

656 643 820 698 cem
853 640 989 718 pre
1025 616 1292 692 timor-e
1344 612 1474 690 vix
1518 613 1875 689 audebitis
1909 608 2399 710 respondere,
2453 607 2608 714 ipse
2645 605 2798 684 solo
2837 606 2959 686 suo
2994 629 3175 687 nutu
3227 614 3397 688 fine.
3423 614 3614 698 νὼ
3727 657 3740 670 -

662 714 1017 801 consensu
1060 719 1250 794 hunc
1284 714 1646 815 deprimet
1673 768 1698 803 ,
1752 712 1825 790 &
1857 715 2066 792 hune!
2098 711 2486 803 exaltabit,
2539 711 2732 788 hunc
2784 709 3151 802 ditabit,&
3179 713 3376 791 hunc
3417 713 3637 800 inven-

658 847 736 904 ta
775 815 1615 905 occafionetrucidabit,
1650 813 1775 916 vel
1808 821 2040 914 pon'et
2077 814 2155 889 in
2190 835 2586 888 carcerem.
2685 811 2805 888 Ex
2840 813 3050 890 vobis
3081 836 3223 915 pro
3253 812 3471 891 libitu
3492 816 3637 892 alios
3751 845 3762 856 ·

664 925 948 1012 servo8,
973 920 1159 999 alios
1194 917 1528 995 dominos
1549 972 1574 1007 ,
1606 916 1787 996 alios
1826 914 2365 1005 rusticos,·alios
2400 932 2755 1004 tortoreS,
2784 912 2967 991 alios
3019 912 3443 1006 exafiloreS,
3497 917 3644 994 alios

662 1021 1275 1111 molendinarios,
1331 1017 1511 1095 alios
1548 1015 1859 1118 pistores
1897 1015 2316 1093 constituet.
2424 1014 2795 1102 Tribunos
2829 1039 3122 1119 quoque
3173 1014 3246 1092 δι
3296 1017 3646 1095 centurio·

658 1153 792 1207 nes
816 1183 839 1215 ,
862 1153 867 1160 ·
891 1122 1183 1200 villicos
1219 1119 1292 1196 δι
1328 1114 1718 1208 mefforeS,
1773 1120 2097 1195 cultores
2131 1137 2476 1217 agrorum
2511 1114 2583 1191 &
2616 1117 3036 1209 vinearum,
3086 1117 3159 1194 δι
3195 1116 3478 1195 sutores
3569 1120 3647 1195 el·

655 1230 828 1307 lium
866 1224 937 1300 ἃ
969 1245 1360 1301 coreorum
1411 1220 1818 1308 ordinabit,
1851 1243 1992 1321 pro
2026 1213 2235 1304 libitu
2282 1219 2684 1295 voluntatis
2729 1216 2923 1316 filios
2969 1218 3295 1309 vestrm,
3352 1219 3426 1296 ἃ
3569 1221 3648 1297 'as

655 1329 870 1407 tollet
912 1348 1053 1426 pro
1090 1320 1455 1423 obsequiis
1491 1319 1657 1397 suis,
1763 1320 2012 1422 Equos
2050 1320 2333 1414 vestros
2361 1376 2389 1410 ,
2440 1320 2714 1409 boveS,
2771 1318 2842 1395 &
2871 1344 3143 1419 pecora
3178 1320 3453 1420 optima
3483 1348 3648 1424 que-
3771 1377 3774 1420 ;

657 1453 808 1534 que
850 1428 1088 1506 tollet.
1196 1424 1414 1503 Quid
1442 1423 1679 1499 multis
1708 1423 2060 1499 immoror
2091 1477 2119 1512 ,
2172 1421 2262 1512 ad
2293 1421 2471 1521 quid
2496 1421 2680 1511 hec,
2736 1424 2926 1519 quasi
2973 1447 3110 1500 vos
3146 1440 3507 1511 terream,
3561 1421 3646 1499 lo-
3771 1477 3777 1526 Ἰ

706 1531 903 1610 uor?
971 1528 1044 1605 Si
1075 1523 1452 1628 persistitis
1484 1524 1559 1600 in
1595 1523 1925 1623 incepto,
1962 1523 2104 1599 iam
2134 1522 2344 1599 vobis
2379 1524 2602 1600 vitam
2642 1521 2712 1596 ἃ
2745 1543 3012 1597 nomen
3045 1524 3266 1602 Ducis
3301 1523 3642 1614 indicabo,

654 1560 728 1712 ἓι
771 1633 1040 1709 locum.
1192 1625 1319 1702 Ad
1366 1627 1510 1702 hec
1546 1625 1815 1726 vulgus
1845 1645 2096 1701 mente
2129 1618 2426 1700 confiisa
2467 1621 2904 1715 clamanteS,
2939 1627 3279 1714 (Ducem,
3338 1627 3640 1716 Ducem,
3727 1693 3740 1704 .
3773 1687 3776 1710 t

650 1729 1009 1852 postulant
1039 1727 1166 1806 fibi
1209 1727 1382 1804 dari.
1482 1725 1696 1802 Tunc
1726 1723 2034 1804 Domina
2065 1724 2308 1824 digito
2343 1723 2684 1801 monstrat
2716 1743 3079 1819 montem,
3137 1726 3362 1816 ultra,
3396 1728 3640 1829 inquit,
3775 1719 3776 1730 ‘

656 1837 854 1915 illum
890 1851 1213 1932 montem
1256 1829 1364 1906 est
1395 1827 1660 1906 fluvius
1712 1829 2011 1906 nomine
2051 1825 2629 1918 Bielina„iuxta
2678 1849 2892 1924 quem
2942 1828 3047 1903 est
3082 1827 3253 1906 villa
3280 1881 3304 1916 ,
3359 1830 3642 1906 nomine
3771 1825 3776 1908 ζ

658 1936 956 2017 Stadicz
978 1934 1101 2024 ,iu
1139 1931 1344 2009 cuius
1382 1930 1765 2007 territorio
1801 1928 1907 2003 est
1949 1928 2217 2006 novale
2253 1926 2638 2004 duodecim
2673 1923 2983 2026 palsuum
3013 1928 3540 2028 longitudinis,
3583 1929 3640 2005 ἃ
3727 2011 3736 2022 ,
3771 1923 3776 2012 f

653 2036 965 2116 totidem
996 2031 1421 2123 latitudiniS,
1489 2032 1641 2107 uod
1670 2031 1759 2107 ad
1786 2027 2060 2106 nullum
2096 2029 2424 2129 pertinet
2464 2043 2740 2127 agrum.
2781 2037 2788 2055 ’
2845 2029 2952 2104 Ibi
2987 2029 3385 2108 invenietis
3421 2031 3646 2109 virum
3771 2027 3776 2122 J

655 2156 975 2215 arantem
1027 2138 1104 2210 in
1151 2131 1378 2208 bobus
1475 2133 1749 2221 uobus,
1804 2152 2004 2212 ,unus
2074 2129 2209 2206 bos
2272 2125 2436 2205 albo
2492 2129 2782 2230 capite,
2856 2132 3040 2210 alter
3085 2128 3515 2231 per-emerus
3555 2132 3643 2207 est

652 2238 1033 2325 albedine,
1086 2232 1157 2308 δι
1198 2232 1652 2333 posteriores
1686 2231 1916 2347 pedes
1953 2231 2152 2307 albos
2189 2231 2447 2328 habet,
2500 2232 2691 2322 hunc
2733 2225 3053 2309 affumite
3094 2232 3309 2310 vobis
3347 2236 3638 2324 Ducem,

648 2342 971 2439 mihique
1004 2334 1358 2412 maritum.
1459 2332 1812 2434 Accipite
1850 2353 2046 2432 ergo
2078 2355 2316 2409 meum
2349 2331 2836 2423 dextrarium,
2873 2331 2946 2409 &
2975 2331 3247 2424 vestes,
3281 2359 3455 2437 quas
3488 2336 3637 2411 mit-

651 2463 823 2532 tam,
850 2439 921 2515 &
952 2460 1136 2529 mea,
1157 2460 1239 2512 ac
1272 2434 1527 2537 populi
1558 2451 1738 2511 vota
1770 2429 2065 2509 deferte
2092 2431 2285 2512 viro,
2396 2435 2535 2510 Cui
2571 2435 2804 2507 eciam
2839 2437 3245 2534 nomen,est
3265 2435 3634 2544 przemysl.

653 2545 799 2623 Hic
842 2539 1052 2641 supra
1088 2537 1329 2615 vestra
1378 2535 1616 2637 capita
1667 2535 1822 2610 iura
1873 2534 2367 2634 excogitabit,
2418 2555 2577 2610 nam
2630 2536 2776 2610 hoc
2831 2558 3100 2613 nomen
3149 2535 3375 2615 latine
3401 2543 3637 2642 previe

654 2649 940 2724 ditatus
987 2642 1102 2741 (l)
1157 2638 1422 2716 dicitur
1447 2693 1473 2727 ,
1527 2637 1742 2715 huius
1776 2636 2047 2812 ¹proles
2113 2633 2324 2735 supra
2372 2659 2511 2714 vos
2562 2637 2905 2734 regnabit
2984 2637 3061 2713 in
3093 2635 3634 2739 sempiternum,

652 2767 916 2850 equum
951 2764 1191 2817 meum
1227 2736 1643 2840 sequimini,
1694 2739 1772 2839 ip
1807 2760 1852 2817 e
1883 2761 2023 2814 vos
2058 2736 2335 2837 diriget
2368 2733 2577 2813 recta
2608 2737 2752 2814 via.
2857 2737 3180 2835 Nuuccy
3216 2762 3454 2818 autem
3482 2765 3638 2841 pre·

651 2846 835 2946 diffl
871 2842 1453 2943 appropinquant
1498 2839 1721 2929 ville,
1770 2835 2108 2937 adquam
2152 2836 2352 2916 ibant
2378 2892 2405 2928 ,
2460 2834 2856 2940 sequentes
2907 2840 3289 2932 caballum,
3344 2840 3415 2917 ἃ
3466 2864 3633 2918 ecce

654 2945 1027 3044 przemysl
1053 2942 1286 3017 boves
1329 2939 1633 3017 stimulat
1665 2961 1874 3015 more
1921 2937 2193 3015 rustico
2218 2991 2252 3030 ,
2300 2939 2390 3016 ad
2427 2961 2641 3039 quem
2676 2939 2810 3015 illi.
2915 2941 3127 3018 Salve
3176 2943 3344 3022 Dux
3397 2968 3504 3019 ma
3733 3009 3744 3018 .

649 3047 1086 3148 digniffimus
1119 3042 1369 3131 laude,
1422 3039 1624 3119 solve
1657 3041 1934 3131 boveS,
1987 3057 2327 3141 mutaque
2360 3041 2658 3131 vesteS,
2714 3038 3018 3117 ascende
3051 3045 3388 3122 caballum
3420 3099 3447 3135 ,
3497 2966 3634 3122 ἵ

646 3151 837 3226 mina
867 3144 1109 3224 nostra
1144 3140 1419 3238 Libzffr
1442 3138 1523 3216 ἃ
1561 3141 1768 3242 plebs
1805 3139 2146 3218 universa
2179 3139 2501 3233 mandat,
2550 3160 2631 3218 ut
2690 3146 2841 3219 cito
2892 3137 3108 3220 fatale
3161 3146 3292 3222 tibi
3339 3168 3631 3247 regnum

644 3245 1007 3352 suscipias.
1170 3242 1442 3321 Omnia
1489 3242 1728 3319 nostra
1778 3242 1856 3324 in
1886 3262 2012 3318 tua
2063 3244 2424 3343 potestate
2472 3263 2731 3336 erunt,
2789 3243 2860 3319 ἀ
2912 3245 3141 3322 eciam
3194 3249 3490 3349 nosipsi
3554 3264 3628 3324 te

545 3409 571 3436 .
644 3355 967 3441 Ducem,
1021 3345 1096 3424 δι
1126 3329 1702 3448 protectorem,
1732 3360 1815 3420 te
1869 3339 2249 3421 redlorem
2319 3344 2633 3420 nostrum
2687 3365 2941 3421 omnes
3002 3347 3363 3447 eligimus·
3510 3344 3625 3421 Ad

695 3474 853 3530 uam
912 3469 1179 3529 vocem
1225 3446 1423 3547 quafi
1482 3446 1834 3522 admirans
1894 3445 1966 3522 ἃ
2013 3444 2283 3522 inscius
2350 3446 2468 3521 vir
2520 3447 2838 3544 prudens
2893 3444 3243 3541 substitit,
3291 3449 3364 3526 ὅ(
3405 3452 3626 3530 boves

638 3480 903 3647 Folvit,
956 3554 1107 3640 ite,
1162 3546 1444 3649 inquit,
1497 3549 1689 3626 unde
1726 3546 2070 3637 venistis,
2124 3547 2512 3649 quistatim
2553 3546 3087 3648 disparuerunt.
3269 3551 3624 3629 Stimulum

640 3675 886 3740 autem
914 3652 1079 3732 fixit
1111 3653 1187 3728 in
1225 3667 1535 3741 terram,
1570 3649 1696 3749 qui
1735 3648 2010 3740 statim,
2055 3668 2135 3723 ut
2169 3648 2478 3737 dicitur,
2514 3649 2864 3748 produxit
2897 3645 3242 3743 frondes,
3283 3649 3358 3729 δε
3390 3672 3620 3729 nuces.

638 3757 813 3836 Viri
845 3773 1082 3834 autem
1110 3751 1217 3830 illi
1234 3747 1503 3827 stabant
1542 3745 1954 3850 stupefiaffl,
1974 3770 2164 3852 quos
2199 3749 2327 3825 ille
2363 3749 2816 3848 gratulanter
2832 3751 3095 3830 invitat
3113 3753 3202 3828 ad
3239 3754 3617 3855 prandium,

635 3853 711 3940 ἅ
746 3858 836 3934 de
869 3879 1049 3958 pera
1083 3852 1200 3928 sua
1231 3850 1491 3929 subere
1523 3869 1871 3928 conteXta
1912 3850 2235 3926 extrahit
2282 3847 2690 3929 muscidum.
2711 3875 3017 3951 panem,
3073 3853 3143 3929 &
3193 3854 3507 3942 caseum,
3550 3851 3614 3927 St

630 3975 921 4069 partem
964 3956 1042 4031 in
1068 3974 1377 4034 vomere
1411 3953 1748 4035 collocat.
1852 3952 1958 4031 Ut
1990 3953 2294 4030 habetur
2329 3950 2410 4028 in
2448 3950 2585 4030 alia
2634 3953 3009 4054 hystoria,
3081 3957 3208 4059 (m)
3263 3955 3333 4032 δι
3384 3956 3612 4031 bibunt

3425 4055 3522 4133 la-

516 4213 537 4226 ·
627 4197 741 4290 (Ι)
788 4195 918 4265 lmo
954 4185 1357 4282 premeditari»
1389 4188 1551 4275 juxta
1585 4183 1830 4284 aliorum
1866 4165 2460 4278 interpretationem-¹¹.
2681 4179 2807 4273 (m)
2850 4189 3126 4280 Pleraque
3153 4187 3277 4259 hee
3317 4214 3388 4260 ex
3423 4188 3609 4259 enfin·

846 4279 1198 4367 deprompsit
1222 4279 1570 4362 Marignoln·
1603 4285 1792 4354 Quem
1819 4280 2060 4342 alteram
2091 4276 2185 4339 hic
2207 4277 2498 4341 historiam
2524 4271 2829 4362 intelligat,
2862 4277 3153 4363 ignomin.
3299 4315 3306 4324 -

2951 4631 2985 4652 fi
