3867 4742
630 252 783 378 121(
1342 315 1373 342 ο
1884 288 2359 367 ennomcozae

633 428 761 505 ubi
796 426 1033 529 primo
1067 431 1396 508 converfi
1433 417 1774 505 nolebant
1818 429 2215 530 baptizari,
2272 431 2509 507 'donec
2543 429 2974 525 juravimus,
3004 429 3189 509 nihil
3225 435 3614 534 temporale

634 529 795 630 post
839 527 1254 628 baptismum
1294 533 1870 630 extorquere'ab
1919 533 2029 607 eis
2058 588 2082 622 ‚
2117 555 2301 628 ymo
2341 534 2432 607 de
2467 532 2713 609 nostro
2744 532 3240 634 indigentibus
3283 531 3605 633 provide.

634 652 774 718 re,
828 627 1132 742 quod&
1183 626 1531 720 fecimuS,
1587 632 1682 705 fic
1716 632 2105 708 multitudo
2154 631 2891 733 civitatisutriusque
2948 630 3158 709 sexus
3205 629 3626 731 baptisma
3713 715 3732 728 ,

627 726 1082 820 ,Ιίὸεηῑιίῐὶιῃε
1116 749 1591 831 receperunt.
1741 733 2048 810 Dubium
2080 732 2186 807 est
2209 753 2482 824 tamen,
2517 730 2710 811 salvo
2757 732 3049 810 meliori
3079 733 3418 810 Ecclefie
3445 731 3641 829 jndi-
3755 733 3766 742 '

628 833 794 925 ci0,
847 853 996 910 non
1027 851 1380 933 cogerem
1415 854 1576 908 eos.

955 1036 1120 1142 De
1173 1037 1573 1175 ystoriis
1630 1040 2180 1182 gentilium
2221 1039 2319 1146 &
2362 1039 2894 1154 nativitate
2937 1037 3283 1176 Moyfi.

614 1218 830 1401 ·RE
937 1217 1214 1298 antibus
1249 1217 1437 1319 apud
1470 1216 1790 1324 Aſjjrrios
1819 1220 2028 1320 Rege
2067 1238 2328 1322 quarto
2366 1221 2651 1296 decimo
2726 1219 2945 1321 Sapro
2974 1275 3000 1312 ‚
3052 1218 3238 1319 apud
3298 1219 3649 1324 Argiuos
3719 1213 3728 1224 '

556 1410 567 1416 ,
821 1238 946 1393 {1111
989 1320 1256 1397 Grecos
1274 1378 1300 1411 ‚
1356 1317 1611 1421 quinto
1651 1322 1946 1396 nomine
2003 1315 2282 1423 Triafics
2303 1378 2327 1411 ,
2379 1321 2455 1397 in
2505 1322 2776 1426 Egipto
2811 1338 3018 1397 natus
3054 1322 3168 1396 est
3198 1321 3521 1423 Moyses,
3563 1316 3643 1402 ἃ

628 1443 729 1510 ex
784 1420 1000 1496 ofitus
1052 1421 1256 1520 aquis
1319 1446 1361 1498 a
1400 1437 1671 1509 matre,
1726 1422 2110 1499 translatus
2162 1449 2203 1499 a
2235 1421 2382 1499 filia
2431 1420 2830 1506 Pharaonis
2882 1422 2967 1498 ad
3019 1420 3243 1496 aulam
3287 1418 3643 1519 Regiam,

631 1516 704 1597 fa
834 1545 867 1595 s
903 1522 1140 1620 primo
1174 1523 1338 1598 Dux
1382 1521 1839 1628 Egtpciorum
1853 1576 1880 1613 ‚
1935 1523 2234 1604 oraculo
2271 1524 2578 1624 quodam
2611 1522 2998 1612 debellavit
3019 1519 3357 1622 Ethiopes
3375 1576 3399 1610 ,
3436 1539 3643 1595 tran,-

629 1620 798 1700 fivit
835 1615 1119 1697 deserta
1149 1622 1364 1722 plena
1397 1619 1846 1722 serpentibus
1882 1623 2156 1701 auxilio
2205 1624 2730 1721 cyconiarum,
2784 1644 2930 1724 que
2975 1621 3204 1699 ibices
3257 1621 3644 1697 nominan-

638 1740 807 1813 tur,
865 1718 937 1798 &
985 1723 1254 1823 primus
1288 1725 1581 1799 invenit
1616 1722 1962 1801 militares
2002 1725 2279 1816 larvas,
2337 1725 2489 1802 five
2551 1735 2940 1822 cymeraS,
2993 1740 3076 1802 ut
3120 1739 3450 1801 terreret
3487 1718 3642 1796 ser*

622 1839 920 1925 pentes.
1029 1822 1192 1900 Qui
1247 1821 1544 1903 deviato
1575 1825 1803 1926 {Rege
1838 1823 2263 1926 Ethivpum,
2317 1824 2532 1903 filiam
2582 1825 2739 1901 eius
2773 1824 3100 1902 vidiorie
3147 1824 3237 1901 ad
3273 1823 3646 1928 nutricem}

635 1923 843 2000 duxit
874 1947 1181 2002 uxorem
1214 1981 1238 2015 ‚
1289 1925 1417 2026 qui
1451 1925 1677 2001 eciam
1710 1929 1873 2027 post
1911 1924 2134 2002 filium
2166 1924 2317 2004 filie
2362 1923 2758 2004 Pharaonis
2807 1923 2883 2004 se
2941 1947 3257 2025 negans,
3307 1920 3509 2022 fugit
3561 1921 3646 2000 in

633 2023 1031 2119 desertum,
1069 2024 1154 2101 ’δὲ
1185 2026 1393 2103 videt
1430 2026 1723 2118 rubum,
1778 2048 2144 2128 pre-cepto
2200 2021 2342 2103 Dei
2390 2027 2686 2103 ostenfis
2745 2028 2796 2103 fi
2855 2026 3006 2114 nis,
3075 2028 3331 2102 decem
3380 2022 3632 2125 plagis

631 2123 969 2225 percussit
1000 2130 1151 2241 βξ
1194 2133 1351 2204 tum
1374 2179 1392 2203 .
1446 2125 1517 2201 ἃ
1552 2127 1802 2203 eduxit
1837 2128 2200 2204 adiutorio
2234 2132 2494 2213 Aaron
2526 2122 2779 2203 statris
2884 2126 2996 2204 ios
3034 2125 3260 2228 Israel
3310 2125 3400 2200 de
3450 2126 3642 2232 Egi-

625 2244 795 2329 pto,
846 2249 1025 2302 man
1056 2251 1141 2303 ru
1192 2250 1278 2303 ro
1319 2225 1577 2303 diviso.
1683 2228 1966 2327 Legem
2008 2255 2048 2306 a
2085 2231 2245 2304 Deo
2282 2228 2615 2327 recepit,
2652 2228 2936 2320 tandem
2966 2228 3448 2304 introducere
3483 2245 3642 2300 non
3683 2333 3706 2348 β
3811 2265 3813 2280 =

634 2325 877 2433 potuit
909 2326 984 2402 in
1025 2344 1294 2406 terram
1325 2325 1849 2429 promiffioniS,
1906 2353 2089 2431 quos
2135 2329 2528 2421 eduxerat,
2583 2353 2724 2407 nec
2769 2326 2926 2430 ipse
2978 2328 3307 2406 intravit.

854 2456 1009 2534 Istis
1046 2461 1489 2560 'temporibus
1533 2463 1930 2539 Grecos-um
1968 2461 2303 2562 ingenia,
2352 2459 2622 2542 fabulas
2648 2463 2902 2541 multas
2944 2462 3353 2553 finxerunt,
3390 2459 3466 2537 &
3499 2455 3642 2546 fal-1

628 2554 776 2636 fam
840 2559 1305 2667 Theologiam,
1341 2571 1446 2667 (p)
1480 2585 1639 2650 uam
1680 2568 2122 2640 Prometeum
2148 2586 2408 2680 regem
2448 2561 2644 2641 suum
2681 2565 3077 2655 finxerunt,
3118 2564 3209 2639 de
3258 2579 3460 2637 terra
3497 2563 3640 2638 ho-
3735 2639 3746 2652 ,

614 2660 867 2737 ”mines
900 2657 1278 2756 formafl'e,
1329 2666 1496 2766 quia
1528 2662 1804 2764 sapiens
1842 2665 2050 2741 valde
2085 2661 2266 2754 fuit,
2322 2666 2393 2741 &
2434 2666 2738 2757 doolor,
2771 2662 3001 2741 frater
3039 2668 3196 2742 eius
3236 2660 3473 2738 dietus
3521 2661 3638 2738 est

633 2762 1033 2854 Attalaus,
1087 2764 1209 2863 qui
1241 2759 1540 2864 fingitur
1574 2785 1872 2870 portare
1911 2766 2195 2855 celum,
2248 2766 2412 2867 quia
2466 2765 2763 2844 summus
2811 2767 3255 2865 Affloiogus
3309 2757 3453 2838 fuit
3484 2818 3509 2851 ,
3563 2761 3636 2837 ἃ

638 2884 843 2937 mons
875 2861 1232 2941 altissimus
1269 2865 1531 2943 dicitur
1563 2863 1882 2955 Atlans,
1940 2866 2102 2966 quia
2145 2865 2242 2941 ibi
2277 2867 2637 2959 studebat,
2692 2868 2980 2944 tandem
3024 2864 3344 2945 venitin
3385 2865 3638 2940 Evro-

618 2980 837 3064 pam,
893 2962 1186 3043 &inter
1227 2965 1397 3066 duo2
1413 2968 1672 3055 maria,
1707 2965 1828 3042 seu
1861 2969 2181 3065 Pfflmum
2214 2965 2283 3042 &
2323 2969 2672 3068 Venetam
2709 2967 2787 3044 in
2823 2986 3074 3044 monte
3115 2965 3476 3064 equaliter
3525 2962 3638 3066 dj-

637 3060 866 3137 stante
901 3065 986 3140 ab
1016 3082 1332 3165 utroque
1379 3069 1554 3144 mari
1586 3091 1721 3168 per
1747 3067 2200 3167 astrologiam
2239 3069 2595 3169 cognovit
2629 3061 2775 3145 efle
2814 3074 3059 3146 aerem
3093 3064 3638 3142 saluberrimum
3719 3139 3730 3154 ,

642 3160 712 3237 Gt
748 3160 1157 3263 dispofitum
1190 3169 1665 3266 generacioni
1698 3164 2061 3258 fecunde,
2116 3168 2189 3245 ὃς
2224 3168 2582 3263 sciencie,
2633 3170 2755 3247 ubi
2810 3193 2972 3246 cum
3020 3189 3260 3245 uxore
3310 3164 3428 3240 sua
3475 3164 3636 3239 ele-

639 3259 826 3350 olam
860 3266 1105 3343 statuit
1138 3267 1265 3345 fibi
1299 3265 1584 3362 sedem,
1633 3268 1702 3345 ἃ
1735 3271 1993 3371 genuit
2023 3268 2303 3369 septem
2331 3268 2510 3348 filias
2543 3267 2778 3347 musas
2810 3292 3104 3359 omnes,
3141 3291 3312 3369 quas
3347 3265 3638 3342 Pliades

637 3353 1047 3459 finxerunt,
1101 3367 1272 3469 quia
1316 3366 1614 3448 fuerunt
1664 3369 2248 3471 prudentiflime,
2303 3372 2831 3472 pulcherrime,
2888 3369 2960 3445 &
3011 3361 3634 3470 eloquentissime,
3723 3405 3732 3414 -

640 3465 712 3544 δι
745 3468 1008 3568 genuit
1039 3486 1193 3564 tres
1226 3467 1465 3564 filios,
1566 3494 1821 3549 uorum
1858 3473 2126 3573 primus
2167 3473 2480 3551 Siciliam
2499 3531 2523 3565 ‚
2580 3472 2764 3550 alter
2817 3471 3166 3548 Florencie
3193 3466 3522 3570 patriam
3553 3461 3648 3552 δι’,
3737 3475 3746 3484 “

637 3568 859 3671 Alpes
890 3572 1466 3671 populaverunt‚
1626 3571 1899 3650 tercius
1930 3575 2266 3652 Vtaliam
2301 3572 2705 3674 populavit.
2862 3571 2986 3648 Est
3017 3571 3214 3647 enim
3243 3590 3451 3645 mons
3499 3563 3636 3678 ille

640 3669 842 3747 iuxta
878 3671 1350 3764 Florenciam,
1410 3674 1531 3749 ubi
1564 3670 1746 3750 fecit
1789 3675 2162 3751 civitatem
2196 3673 2289 3751 de
2321 3674 2672 3775 lapidibus
2715 3672 3162 3752 incredibilis
3199 3666 3642 3770 magnitudl-
3715 3677 3724 3686 “

640 3766 800 3863 nis,
853 3788 936 3847 ut
965 3773 1260 3852 videtur
1291 3775 1514 3852 hodie
1550 3774 1804 3864 nobiS‚
1858 3775 1928 3852 δε
1967 3776 2263 3855 vocavit
2316 3797 2474 3852 eam
2532 3771 2790 3851 Elium
2834 3774 3012 3850 Solis
3048 3775 3131 3848 ab
3169 3791 3412 3846 uxore
3465 3766 3580 3843 sut
3601 3819 3648 3866 ,t
3735 3799 3744 3810 ·

640 3893 791 3970 que
828 3871 1049 3951 hodie
1085 3875 1348 3956 dicitur
1395 3875 1652 3953 civitas
1700 3874 2067 3977 Festdana,
2123 3878 2314 3954 unde
2342 3878 2506 3978 post
2543 3875 2907 3953 Florencia
2947 3873 3292 3975 populata
3331 3870 3436 3945 est
3471 3883 3638 3982 cum

648 3973 958 4077 Serapis.
1052 3974 1151 4054 Et
1185 3993 1270 4055 ut
1299 3976 1392 4054 de
1435 3981 1836 4059 Grecorum
1869 3975 2130 4070 fabulis
2158 4001 2295 4058 nos
2330 3978 2831 4082 expediamuS,
2849 3973 3245 4077 sequentes
3295 3979 3636 4046 cronicas

3397 4069 3748 4234 ,Ῥῶ-υ.

637 4272 737 4365 (p)
781 4280 851 4346 ld
879 4278 1002 4346 en:
1047 4280 1470 4402 psythagtam.
