<?xml version="1.0" encoding="UTF-8"?>
<!DOCTYPE html PUBLIC "-//W3C//DTD XHTML 1.0 Transitional//EN"
    "http://www.w3.org/TR/xhtml1/DTD/xhtml1-transitional.dtd">
<html xmlns="http://www.w3.org/1999/xhtml" xml:lang="en" lang="en">
 <head>
  <title>
</title>
<meta http-equiv="Content-Type" content="text/html;charset=utf-8" />
  <meta name='ocr-system' content='tesseract 3.04.00' />
  <meta name='ocr-capabilities' content='ocr_page ocr_carea ocr_par ocr_line ocrx_word'/>
</head>
<body>
  <div class='ocr_page' id='page_1' title='image "./monumentahistor07unkngoog_0531.png"; bbox 0 0 3867 4742; ppageno 0'>
   <div class='ocr_carea' id='block_1_1' title="bbox 1085 293 3224 408">
    <p class='ocr_par' dir='ltr' id='par_1_1' title="bbox 1085 293 3224 408">
     <span class='ocr_line' id='line_1_1' title="bbox 1085 293 3224 408; baseline -0 -32"><span class='ocrx_word' id='word_1_1' title='bbox 1085 341 1115 386; x_wconf 39' lang='grc' dir='ltr'>,ν</span> <span class='ocrx_word' id='word_1_2' title='bbox 1143 293 2157 408; x_wconf 64' lang='lat' dir='ltr'>Bonamco-’anenrcnm</span> <span class='ocrx_word' id='word_1_3' title='bbox 3073 317 3224 399; x_wconf 78' lang='lat'>495</span> 
     </span>
    </p>
   </div>
   <div class='ocr_carea' id='block_1_2' title="bbox 184 436 3372 1846">
    <p class='ocr_par' dir='ltr' id='par_1_2' title="bbox 184 436 3372 1846">
     <span class='ocr_line' id='line_1_2' title="bbox 462 436 3234 566; baseline 0.002 -51"><span class='ocrx_word' id='word_1_4' title='bbox 462 437 560 515; x_wconf 89' lang='lat' dir='ltr'>Et</span> <span class='ocrx_word' id='word_1_5' title='bbox 594 461 753 516; x_wconf 85' lang='lat' dir='ltr'>cum</span> <span class='ocrx_word' id='word_1_6' title='bbox 792 439 988 533; x_wconf 84' lang='lat' dir='ltr'>inter</span> <span class='ocrx_word' id='word_1_7' title='bbox 1020 443 1193 523; x_wconf 81' lang='lat' dir='ltr'>alias</span> <span class='ocrx_word' id='word_1_8' title='bbox 1231 446 1633 544; x_wconf 69' lang='lat' dir='ltr'>petitiones</span> <span class='ocrx_word' id='word_1_9' title='bbox 1666 473 1711 526; x_wconf 86' lang='lat' dir='ltr'>a</span> <span class='ocrx_word' id='word_1_10' title='bbox 1742 444 2046 566; x_wconf 69' lang='lat' dir='ltr'>praefflo</span> <span class='ocrx_word' id='word_1_11' title='bbox 2093 439 2405 520; x_wconf 86' lang='lat' dir='ltr'>Domino</span> <span class='ocrx_word' id='word_1_12' title='bbox 2449 436 2680 520; x_wconf 80' lang='lat' dir='ltr'>fratre</span> <span class='ocrx_word' id='word_1_13' title='bbox 2728 438 2976 518; x_wconf 79' lang='lat' dir='ltr'>nostro</span> <span class='ocrx_word' id='word_1_14' title='bbox 3016 443 3234 521; x_wconf 80' lang='lat' dir='ltr'>nobis</span> 
     </span>
     <span class='ocr_line' id='line_1_3' title="bbox 230 535 3310 652; baseline 0.004 -41"><span class='ocrx_word' id='word_1_15' title='bbox 230 535 659 637; x_wconf 59' lang='lat' dir='ltr'>prorrefilas</span> <span class='ocrx_word' id='word_1_16' title='bbox 693 541 910 616; x_wconf 84' lang='lat' dir='ltr'>etiam</span> <span class='ocrx_word' id='word_1_17' title='bbox 955 546 1569 641; x_wconf 77' lang='lat' dir='ltr'>contineatur,‘ut</span> <span class='ocrx_word' id='word_1_18' title='bbox 1609 551 1905 625; x_wconf 77' lang='lat' dir='ltr'>nobiles.</span> <span class='ocrx_word' id='word_1_19' title='bbox 1941 548 2210 652; x_wconf 87' lang='lat' dir='ltr'>aliique</span> <span class='ocrx_word' id='word_1_20' title='bbox 2267 543 2360 619; x_wconf 90' lang='lat' dir='ltr'>de</span> <span class='ocrx_word' id='word_1_21' title='bbox 2395 542 2657 620; x_wconf 86' lang='lat' dir='ltr'>incolis</span> <span class='ocrx_word' id='word_1_22' title='bbox 2698 542 2804 619; x_wconf 87' lang='lat' dir='ltr'>Re</span> <span class='ocrx_word' id='word_1_23' title='bbox 2911 544 2935 616; x_wconf 92' lang='lat' dir='ltr'>i</span> <span class='ocrx_word' id='word_1_24' title='bbox 2985 543 3226 620; x_wconf 81' lang='lat' dir='ltr'>Bohe-</span> <span class='ocrx_word' id='word_1_25' title='bbox 3267 575 3310 648; x_wconf 55' lang='lat'>⁸.</span> 
     </span>
     <span class='ocr_line' id='line_1_4' title="bbox 218 638 3232 739; baseline 0.01 -29"><span class='ocrx_word' id='word_1_26' title='bbox 218 638 435 728; x_wconf 77' lang='lat' dir='ltr'>miae,</span> <span class='ocrx_word' id='word_1_27' title='bbox 492 639 613 736; x_wconf 85' lang='lat' dir='ltr'>qui</span> <span class='ocrx_word' id='word_1_28' title='bbox 665 641 848 738; x_wconf 74' lang='lat' dir='ltr'>apud</span> <span class='ocrx_word' id='word_1_29' title='bbox 882 644 1192 720; x_wconf 87' lang='lat' dir='ltr'>eundem</span> <span class='ocrx_word' id='word_1_30' title='bbox 1261 649 1643 725; x_wconf 88' lang='lat' dir='ltr'>Dominum</span> <span class='ocrx_word' id='word_1_31' title='bbox 1688 646 1991 726; x_wconf 85' lang='lat' dir='ltr'>fratrem</span> <span class='ocrx_word' id='word_1_32' title='bbox 2050 643 2138 722; x_wconf 63' lang='lat' dir='ltr'>in·</span> <span class='ocrx_word' id='word_1_33' title='bbox 2164 640 2484 721; x_wconf 82' lang='lat' dir='ltr'>servitiis</span> <span class='ocrx_word' id='word_1_34' title='bbox 2543 642 2746 730; x_wconf 86' lang='lat' dir='ltr'>sunt,</span> <span class='ocrx_word' id='word_1_35' title='bbox 2924 663 3232 739; x_wconf 71' lang='lat' dir='ltr'>quorum</span> 
     </span>
     <span class='ocr_line' id='line_1_5' title="bbox 226 738 3229 848; baseline 0.002 -37"><span class='ocrx_word' id='word_1_36' title='bbox 226 758 470 848; x_wconf 70' lang='lat' dir='ltr'>opera</span> <span class='ocrx_word' id='word_1_37' title='bbox 496 738 574 811; x_wconf 91' lang='lat' dir='ltr'>in</span> <span class='ocrx_word' id='word_1_38' title='bbox 609 741 741 815; x_wconf 84' lang='lat' dir='ltr'>hac</span> <span class='ocrx_word' id='word_1_39' title='bbox 778 761 873 817; x_wconf 80' lang='lat' dir='ltr'>ex</span> <span class='ocrx_word' id='word_1_40' title='bbox 927 741 1448 824; x_wconf 83' lang='lat' dir='ltr'>editione-usus</span> <span class='ocrx_word' id='word_1_41' title='bbox 1486 750 1633 840; x_wconf 89' lang='lat' dir='ltr'>est,</span> <span class='ocrx_word' id='word_1_42' title='bbox 1691 751 1766 826; x_wconf 90' lang='lat' dir='ltr'>in</span> <span class='ocrx_word' id='word_1_43' title='bbox 1797 752 1931 844; x_wconf 85' lang='lat' dir='ltr'>hac</span> <span class='ocrx_word' id='word_1_44' title='bbox 1987 743 2477 825; x_wconf 72' lang='lat' dir='ltr'>transaffione</span> <span class='ocrx_word' id='word_1_45' title='bbox 2517 745 2812 840; x_wconf 81' lang='lat' dir='ltr'>integre</span> <span class='ocrx_word' id='word_1_46' title='bbox 2860 763 2941 816; x_wconf 90' lang='lat' dir='ltr'>ac</span> <span class='ocrx_word' id='word_1_47' title='bbox 2981 741 3229 839; x_wconf 51' lang='lat' dir='ltr'>plena*</span> 
     </span>
     <span class='ocr_line' id='line_1_6' title="bbox 224 836 3230 938; baseline 0.003 -28"><span class='ocrx_word' id='word_1_48' title='bbox 224 836 355 911; x_wconf 64' lang='lat' dir='ltr'>rie</span> <span class='ocrx_word' id='word_1_49' title='bbox 398 840 845 936; x_wconf 86' lang='lat' dir='ltr'>comprehen</span> <span class='ocrx_word' id='word_1_50' title='bbox 939 859 1147 934; x_wconf 86' lang='lat' dir='ltr'>ntur,</span> <span class='ocrx_word' id='word_1_51' title='bbox 1202 868 1361 921; x_wconf 86' lang='lat' dir='ltr'>cum</span> <span class='ocrx_word' id='word_1_52' title='bbox 1425 871 1513 925; x_wconf 88' lang='lat' dir='ltr'>ea</span> <span class='ocrx_word' id='word_1_53' title='bbox 1559 849 2050 938; x_wconf 86' lang='lat' dir='ltr'>immunitate,</span> <span class='ocrx_word' id='word_1_54' title='bbox 2107 867 2203 921; x_wconf 90' lang='lat' dir='ltr'>ne</span> <span class='ocrx_word' id='word_1_55' title='bbox 2253 860 2507 919; x_wconf 88' lang='lat' dir='ltr'>contra</span> <span class='ocrx_word' id='word_1_56' title='bbox 2557 842 3002 926; x_wconf 76' lang='lat' dir='ltr'>eosdem.ob</span> <span class='ocrx_word' id='word_1_57' title='bbox 3038 842 3230 936; x_wconf 83' lang='lat' dir='ltr'>ejus-</span> 
     </span>
     <span class='ocr_line' id='line_1_7' title="bbox 220 938 3226 1048; baseline 0.002 -36"><span class='ocrx_word' id='word_1_58' title='bbox 220 938 432 1012; x_wconf 84' lang='lat' dir='ltr'>modi</span> <span class='ocrx_word' id='word_1_59' title='bbox 462 939 786 1024; x_wconf 75' lang='lat' dir='ltr'>,exhibita</span> <span class='ocrx_word' id='word_1_60' title='bbox 831 938 1169 1032; x_wconf 85' lang='lat' dir='ltr'>servitia,</span> <span class='ocrx_word' id='word_1_61' title='bbox 1226 946 1295 1020; x_wconf 72' lang='grc' dir='ltr'>ὃς</span> <span class='ocrx_word' id='word_1_62' title='bbox 1326 949 1517 1048; x_wconf 87' lang='lat' dir='ltr'>quod</span> <span class='ocrx_word' id='word_1_63' title='bbox 1552 970 1709 1024; x_wconf 86' lang='lat' dir='ltr'>cum</span> <span class='ocrx_word' id='word_1_64' title='bbox 1745 950 2006 1026; x_wconf 89' lang='lat' dir='ltr'>eodem</span> <span class='ocrx_word' id='word_1_65' title='bbox 2058 945 2370 1024; x_wconf 90' lang='lat' dir='ltr'>Domino</span> <span class='ocrx_word' id='word_1_66' title='bbox 2411 938 2643 1019; x_wconf 85' lang='lat' dir='ltr'>fratre</span> <span class='ocrx_word' id='word_1_67' title='bbox 2683 942 2930 1017; x_wconf 13' lang='lat' dir='ltr'>*nostro</span> <span class='ocrx_word' id='word_1_68' title='bbox 2968 943 3226 1042; x_wconf 82' lang='lat' dir='ltr'>persti-</span> 
     </span>
     <span class='ocr_line' id='line_1_8' title="bbox 224 1036 3223 1150; baseline 0.002 -38"><span class='ocrx_word' id='word_1_69' title='bbox 224 1036 508 1128; x_wconf 75' lang='lat' dir='ltr'>terint,</span> <span class='ocrx_word' id='word_1_70' title='bbox 562 1039 803 1136; x_wconf 83' lang='lat' dir='ltr'>eidem</span> <span class='ocrx_word' id='word_1_71' title='bbox 859 1039 1319 1133; x_wconf 70' lang='lat' dir='ltr'>adhaeserint,</span> <span class='ocrx_word' id='word_1_72' title='bbox 1375 1047 1447 1123; x_wconf 73' lang='grc' dir='ltr'>δι</span> <span class='ocrx_word' id='word_1_73' title='bbox 1500 1050 1575 1125; x_wconf 90' lang='lat' dir='ltr'>in</span> <span class='ocrx_word' id='word_1_74' title='bbox 1621 1046 1950 1150; x_wconf 82' lang='lat' dir='ltr'>Regnum</span> <span class='ocrx_word' id='word_1_75' title='bbox 1996 1049 2142 1126; x_wconf 85' lang='lat' dir='ltr'>hoc</span> <span class='ocrx_word' id='word_1_76' title='bbox 2191 1066 2361 1119; x_wconf 84' lang='lat' dir='ltr'>cum</span> <span class='ocrx_word' id='word_1_77' title='bbox 2407 1043 2667 1120; x_wconf 88' lang='lat' dir='ltr'>eodem</span> <span class='ocrx_word' id='word_1_78' title='bbox 2745 1041 3223 1132; x_wconf 70' lang='lat' dir='ltr'>advenerint,</span> 
     </span>
     <span class='ocr_line' id='line_1_9' title="bbox 226 1138 3222 1248; baseline 0.002 -36"><span class='ocrx_word' id='word_1_79' title='bbox 226 1155 492 1235; x_wconf 80' lang='lat' dir='ltr'>aperte</span> <span class='ocrx_word' id='word_1_80' title='bbox 528 1138 652 1216; x_wconf 79' lang='lat' dir='ltr'>vel</span> <span class='ocrx_word' id='word_1_81' title='bbox 687 1140 984 1217; x_wconf 87' lang='lat' dir='ltr'>occulte</span> <span class='ocrx_word' id='word_1_82' title='bbox 1018 1161 1207 1219; x_wconf 89' lang='lat' dir='ltr'>nunc</span> <span class='ocrx_word' id='word_1_83' title='bbox 1261 1145 1329 1220; x_wconf 85' lang='lat'>&amp;</span> <span class='ocrx_word' id='word_1_84' title='bbox 1378 1146 1456 1225; x_wconf 89' lang='lat' dir='ltr'>in</span> <span class='ocrx_word' id='word_1_85' title='bbox 1494 1166 1825 1248; x_wconf 86' lang='lat' dir='ltr'>tempora</span> <span class='ocrx_word' id='word_1_86' title='bbox 1876 1164 2232 1248; x_wconf 88' lang='lat' dir='ltr'>perpetua</span> <span class='ocrx_word' id='word_1_87' title='bbox 2275 1143 2548 1245; x_wconf 84' lang='lat' dir='ltr'>aliquid</span> <span class='ocrx_word' id='word_1_88' title='bbox 2585 1158 3030 1230; x_wconf 77' lang='lat' dir='ltr'>attentetur,</span> <span class='ocrx_word' id='word_1_89' title='bbox 3079 1163 3222 1219; x_wconf 82' lang='lat' dir='ltr'>nec</span> 
     </span>
     <span class='ocr_line' id='line_1_10' title="bbox 224 1237 3224 1347; baseline 0.003 -36"><span class='ocrx_word' id='word_1_90' title='bbox 224 1259 674 1339; x_wconf 83' lang='lat' dir='ltr'>quocunque</span> <span class='ocrx_word' id='word_1_91' title='bbox 712 1244 1141 1340; x_wconf 82' lang='lat' dir='ltr'>excogitato</span> <span class='ocrx_word' id='word_1_92' title='bbox 1176 1246 1394 1334; x_wconf 88' lang='lat' dir='ltr'>modo</span> <span class='ocrx_word' id='word_1_93' title='bbox 1429 1237 1697 1347; x_wconf 58' lang='lat' dir='ltr'>aliquid</span> <span class='ocrx_word' id='word_1_94' title='bbox 1733 1249 1811 1324; x_wconf 90' lang='lat' dir='ltr'>in</span> <span class='ocrx_word' id='word_1_95' title='bbox 1853 1250 2071 1324; x_wconf 86' lang='lat' dir='ltr'>ullum</span> <span class='ocrx_word' id='word_1_96' title='bbox 2110 1244 2508 1322; x_wconf 83' lang='lat' dir='ltr'>eorundem</span> <span class='ocrx_word' id='word_1_97' title='bbox 2543 1263 2934 1344; x_wconf 78' lang='lat' dir='ltr'>gravamen</span> <span class='ocrx_word' id='word_1_98' title='bbox 2970 1241 3224 1319; x_wconf 68' lang='lat' dir='ltr'>admit-</span> 
     </span>
     <span class='ocr_line' id='line_1_11' title="bbox 222 1339 3225 1441; baseline 0.003 -29"><span class='ocrx_word' id='word_1_99' title='bbox 222 1353 470 1425; x_wconf 80' lang='lat' dir='ltr'>tatur,</span> <span class='ocrx_word' id='word_1_100' title='bbox 526 1357 649 1415; x_wconf 89' lang='lat' dir='ltr'>aut</span> <span class='ocrx_word' id='word_1_101' title='bbox 701 1339 1029 1439; x_wconf 85' lang='lat' dir='ltr'>cuiquam</span> <span class='ocrx_word' id='word_1_102' title='bbox 1065 1347 1463 1425; x_wconf 87' lang='lat' dir='ltr'>eorundem</span> <span class='ocrx_word' id='word_1_103' title='bbox 1500 1349 1756 1424; x_wconf 84' lang='lat' dir='ltr'>malum</span> <span class='ocrx_word' id='word_1_104' title='bbox 1803 1346 2173 1430; x_wconf 83' lang='lat' dir='ltr'>causetur;</span> <span class='ocrx_word' id='word_1_105' title='bbox 2225 1366 2481 1421; x_wconf 83' lang='lat' dir='ltr'>verum</span> <span class='ocrx_word' id='word_1_106' title='bbox 2523 1361 2604 1419; x_wconf 88' lang='lat' dir='ltr'>ut</span> <span class='ocrx_word' id='word_1_107' title='bbox 2640 1342 2908 1441; x_wconf 85' lang='lat' dir='ltr'>cuique</span> <span class='ocrx_word' id='word_1_108' title='bbox 2963 1362 3225 1420; x_wconf 86' lang='lat' dir='ltr'>eorum</span> 
     </span>
     <span class='ocr_line' id='line_1_12' title="bbox 184 1433 3232 1542; baseline 0.003 -33"><span class='ocrx_word' id='word_1_109' title='bbox 184 1433 536 1522; x_wconf 33' lang='lat' dir='ltr'>⁴,liberum</span> <span class='ocrx_word' id='word_1_110' title='bbox 569 1440 697 1529; x_wconf 83' lang='lat' dir='ltr'>fit,</span> <span class='ocrx_word' id='word_1_111' title='bbox 747 1440 823 1515; x_wconf 89' lang='lat' dir='ltr'>in</span> <span class='ocrx_word' id='word_1_112' title='bbox 854 1445 959 1518; x_wconf 87' lang='lat' dir='ltr'>Re</span> <span class='ocrx_word' id='word_1_113' title='bbox 1065 1465 1113 1517; x_wconf 90' lang='grc' dir='ltr'>ο</span> <span class='ocrx_word' id='word_1_114' title='bbox 1146 1446 1542 1537; x_wconf 78' lang='lat' dir='ltr'>Bohemiae,</span> <span class='ocrx_word' id='word_1_115' title='bbox 1591 1465 1715 1525; x_wconf 89' lang='lat' dir='ltr'>aut</span> <span class='ocrx_word' id='word_1_116' title='bbox 1753 1448 1910 1525; x_wconf 88' lang='lat' dir='ltr'>aliis</span> <span class='ocrx_word' id='word_1_117' title='bbox 1952 1445 2171 1523; x_wconf 84' lang='lat' dir='ltr'>terris</span> <span class='ocrx_word' id='word_1_118' title='bbox 2216 1443 2453 1518; x_wconf 86' lang='lat' dir='ltr'>eidem</span> <span class='ocrx_word' id='word_1_119' title='bbox 2490 1444 2749 1542; x_wconf 85' lang='lat' dir='ltr'>Regno</span> <span class='ocrx_word' id='word_1_120' title='bbox 2796 1440 3232 1517; x_wconf 56' lang='lat' dir='ltr'>adhaerenti-t</span> 
     </span>
     <span class='ocr_line' id='line_1_13' title="bbox 227 1534 3356 1648; baseline 0.003 -38"><span class='ocrx_word' id='word_1_121' title='bbox 227 1534 370 1611; x_wconf 84' lang='lat' dir='ltr'>bus</span> <span class='ocrx_word' id='word_1_122' title='bbox 400 1537 473 1613; x_wconf 87' lang='lat'>&amp;</span> <span class='ocrx_word' id='word_1_123' title='bbox 502 1540 763 1630; x_wconf 75' lang='lat' dir='ltr'>unitiS,</span> <span class='ocrx_word' id='word_1_124' title='bbox 794 1558 952 1617; x_wconf 88' lang='lat' dir='ltr'>tute</span> <span class='ocrx_word' id='word_1_125' title='bbox 1036 1543 1336 1635; x_wconf 88' lang='lat' dir='ltr'>abitare,</span> <span class='ocrx_word' id='word_1_126' title='bbox 1366 1548 1669 1647; x_wconf 76' lang='lat' dir='ltr'>negotia</span> <span class='ocrx_word' id='word_1_127' title='bbox 1700 1547 1814 1624; x_wconf 88' lang='lat' dir='ltr'>sua</span> <span class='ocrx_word' id='word_1_128' title='bbox 1849 1545 2243 1648; x_wconf 87' lang='lat' dir='ltr'>perficere,</span> <span class='ocrx_word' id='word_1_129' title='bbox 2261 1541 2640 1618; x_wconf 85' lang='lat' dir='ltr'>beneficiis</span> <span class='ocrx_word' id='word_1_130' title='bbox 2664 1539 2872 1638; x_wconf 66' lang='lat' dir='ltr'>juria,</span> <span class='ocrx_word' id='word_1_131' title='bbox 2891 1540 3222 1641; x_wconf 81' lang='lat' dir='ltr'>aliisque,</span> <span class='ocrx_word' id='word_1_132' title='bbox 3351 1585 3356 1588; x_wconf 96' lang='lat'>·</span> 
     </span>
     <span class='ocr_line' id='line_1_14' title="bbox 229 1637 3220 1747; baseline 0.006 -34"><span class='ocrx_word' id='word_1_133' title='bbox 229 1637 325 1727; x_wconf 73' lang='lat' dir='ltr'>ad</span> <span class='ocrx_word' id='word_1_134' title='bbox 355 1661 510 1736; x_wconf 81' lang='lat' dir='ltr'>quae</span> <span class='ocrx_word' id='word_1_135' title='bbox 557 1639 812 1714; x_wconf 73' lang='lat' dir='ltr'>incolae</span> <span class='ocrx_word' id='word_1_136' title='bbox 846 1643 1080 1747; x_wconf 81' lang='lat' dir='ltr'>Regni</span> <span class='ocrx_word' id='word_1_137' title='bbox 1124 1643 1480 1722; x_wconf 78' lang='lat' dir='ltr'>Boheniiae</span> <span class='ocrx_word' id='word_1_138' title='bbox 1508 1647 1623 1742; x_wconf 87' lang='lat' dir='ltr'>jus</span> <span class='ocrx_word' id='word_1_139' title='bbox 1668 1648 1986 1739; x_wconf 83' lang='lat' dir='ltr'>habent,</span> <span class='ocrx_word' id='word_1_140' title='bbox 2038 1647 2194 1733; x_wconf 89' lang='lat' dir='ltr'>uti,</span> <span class='ocrx_word' id='word_1_141' title='bbox 2242 1644 2427 1718; x_wconf 85' lang='lat' dir='ltr'>bona</span> <span class='ocrx_word' id='word_1_142' title='bbox 2474 1640 2590 1717; x_wconf 87' lang='lat' dir='ltr'>sua</span> <span class='ocrx_word' id='word_1_143' title='bbox 2628 1695 2652 1732; x_wconf 84' lang='lat'><em>‚</em></span> <span class='ocrx_word' id='word_1_144' title='bbox 2706 1663 2858 1740; x_wconf 64' lang='lat' dir='ltr'>quae</span> <span class='ocrx_word' id='word_1_145' title='bbox 2911 1641 3220 1740; x_wconf 77' lang='lat' dir='ltr'>habent,</span> 
     </span>
     <span class='ocr_line' id='line_1_15' title="bbox 224 1733 3372 1846; baseline 0.002 -34"><span class='ocrx_word' id='word_1_146' title='bbox 224 1753 360 1812; x_wconf 75' lang='lat' dir='ltr'>aut</span> <span class='ocrx_word' id='word_1_147' title='bbox 397 1736 472 1811; x_wconf 91' lang='lat' dir='ltr'>in</span> <span class='ocrx_word' id='word_1_148' title='bbox 507 1733 827 1815; x_wconf 88' lang='lat' dir='ltr'>futurum</span> <span class='ocrx_word' id='word_1_149' title='bbox 863 1742 1135 1820; x_wconf 84' lang='lat' dir='ltr'>habere</span> <span class='ocrx_word' id='word_1_150' title='bbox 1181 1765 1576 1843; x_wconf 87' lang='lat' dir='ltr'>poterunt,</span> <span class='ocrx_word' id='word_1_151' title='bbox 1625 1750 1774 1824; x_wconf 87' lang='lat' dir='ltr'>five</span> <span class='ocrx_word' id='word_1_152' title='bbox 1822 1771 1909 1823; x_wconf 87' lang='lat' dir='ltr'>ea</span> <span class='ocrx_word' id='word_1_153' title='bbox 1945 1766 2082 1846; x_wconf 85' lang='lat' dir='ltr'>per</span> <span class='ocrx_word' id='word_1_154' title='bbox 2115 1743 2656 1831; x_wconf 69' lang='lat' dir='ltr'>haereditatem,</span> <span class='ocrx_word' id='word_1_155' title='bbox 2717 1758 2839 1822; x_wconf 86' lang='lat' dir='ltr'>aut</span> <span class='ocrx_word' id='word_1_156' title='bbox 2908 1741 3217 1839; x_wconf 84' lang='lat' dir='ltr'>emptio-</span> <span class='ocrx_word' id='word_1_157' title='bbox 3275 1787 3308 1812; x_wconf 50' lang='lat' dir='ltr'>x</span> <span class='ocrx_word' id='word_1_158' title='bbox 3365 1742 3372 1749; x_wconf 72' lang='grc'><strong><em>’</em></strong></span> 
     </span>
    </p>
   </div>
   <div class='ocr_carea' id='block_1_3' title="bbox 88 1838 3223 1944">
    <p class='ocr_par' dir='ltr' id='par_1_3' title="bbox 88 1838 3223 1944">
     <span class='ocr_line' id='line_1_16' title="bbox 88 1838 3223 1944; baseline 0.001 -30"><span class='ocrx_word' id='word_1_159' title='bbox 88 1917 101 1922; x_wconf 76' lang='grc'><strong>,</strong></span> <span class='ocrx_word' id='word_1_160' title='bbox 222 1853 426 1926; x_wconf 83' lang='lat' dir='ltr'>nem,</span> <span class='ocrx_word' id='word_1_161' title='bbox 462 1838 612 1914; x_wconf 84' lang='lat' dir='ltr'>five</span> <span class='ocrx_word' id='word_1_162' title='bbox 646 1861 1147 1944; x_wconf 79' lang='lat' dir='ltr'>quemcunque</span> <span class='ocrx_word' id='word_1_163' title='bbox 1183 1843 1391 1920; x_wconf 87' lang='lat' dir='ltr'>alium</span> <span class='ocrx_word' id='word_1_164' title='bbox 1420 1846 1676 1940; x_wconf 88' lang='lat' dir='ltr'>justum</span> <span class='ocrx_word' id='word_1_165' title='bbox 1726 1848 2010 1923; x_wconf 87' lang='lat' dir='ltr'>titulum</span> <span class='ocrx_word' id='word_1_166' title='bbox 2046 1845 2118 1920; x_wconf 75' lang='grc' dir='ltr'>δι</span> <span class='ocrx_word' id='word_1_167' title='bbox 2145 1844 2440 1942; x_wconf 23' lang='lat' dir='ltr'>*modum</span> <span class='ocrx_word' id='word_1_168' title='bbox 2472 1840 2960 1942; x_wconf 85' lang='lat' dir='ltr'>acquifierint,</span> <span class='ocrx_word' id='word_1_169' title='bbox 3004 1839 3223 1917; x_wconf 78' lang='lat' dir='ltr'>etiam</span> 
     </span>
    </p>
   </div>
   <div class='ocr_carea' id='block_1_4' title="bbox 216 1937 3312 2943">
    <p class='ocr_par' dir='ltr' id='par_1_4' title="bbox 223 1937 3219 2248">
     <span class='ocr_line' id='line_1_17' title="bbox 223 1937 3219 2042; baseline 0.002 -31"><span class='ocrx_word' id='word_1_170' title='bbox 223 1937 691 2037; x_wconf 84' lang='lat' dir='ltr'>imposterum</span> <span class='ocrx_word' id='word_1_171' title='bbox 722 1937 1127 2039; x_wconf 87' lang='lat' dir='ltr'>-posfidere,</span> <span class='ocrx_word' id='word_1_172' title='bbox 1181 1942 1324 2019; x_wconf 85' lang='lat' dir='ltr'>inis</span> <span class='ocrx_word' id='word_1_173' title='bbox 1353 1948 1504 2034; x_wconf 89' lang='lat' dir='ltr'>uti,</span> <span class='ocrx_word' id='word_1_174' title='bbox 1554 1946 1623 2023; x_wconf 71' lang='grc' dir='ltr'>δι</span> <span class='ocrx_word' id='word_1_175' title='bbox 1665 1946 1876 2042; x_wconf 86' lang='lat' dir='ltr'>juxta</span> <span class='ocrx_word' id='word_1_176' title='bbox 1979 1944 2266 2020; x_wconf 84' lang='lat' dir='ltr'>lacitum</span> <span class='ocrx_word' id='word_1_177' title='bbox 2322 1943 2574 2018; x_wconf 85' lang='lat' dir='ltr'>eorum</span> <span class='ocrx_word' id='word_1_178' title='bbox 2660 1945 2687 2039; x_wconf 90' lang='lat'>(</span> <span class='ocrx_word' id='word_1_179' title='bbox 2720 1940 2923 2036; x_wconf 81' lang='lat' dir='ltr'>juxta</span> <span class='ocrx_word' id='word_1_180' title='bbox 2980 1958 3219 2040; x_wconf 77' lang='lat' dir='ltr'>tamen</span> 
     </span>
     <span class='ocr_line' id='line_1_18' title="bbox 224 2034 3188 2143; baseline 0.003 -31"><span class='ocrx_word' id='word_1_181' title='bbox 224 2034 645 2138; x_wconf 79' lang='lat' dir='ltr'>praescripta</span> <span class='ocrx_word' id='word_1_182' title='bbox 665 2038 852 2135; x_wconf 81' lang='lat' dir='ltr'>juris</span> <span class='ocrx_word' id='word_1_183' title='bbox 886 2041 958 2115; x_wconf 73' lang='grc' dir='ltr'>δι</span> <span class='ocrx_word' id='word_1_184' title='bbox 992 2041 1581 2132; x_wconf 82' lang='lat' dir='ltr'>consuetudinem</span> <span class='ocrx_word' id='word_1_185' title='bbox 1615 2068 1904 2124; x_wconf 82' lang='lat' dir='ltr'>coronae</span> <span class='ocrx_word' id='word_1_186' title='bbox 1997 2043 2342 2143; x_wconf 84' lang='lat' dir='ltr'>ohemiae)</span> <span class='ocrx_word' id='word_1_187' title='bbox 2395 2041 2812 2142; x_wconf 85' lang='lat' dir='ltr'>disponere,</span> <span class='ocrx_word' id='word_1_188' title='bbox 2847 2039 3188 2124; x_wconf 82' lang='lat' dir='ltr'>ordinare</span> 
     </span>
     <span class='ocr_line' id='line_1_19' title="bbox 226 2133 3190 2248; baseline 0 -34"><span class='ocrx_word' id='word_1_189' title='bbox 226 2135 309 2214; x_wconf 67' lang='grc' dir='ltr'>ἃ</span> <span class='ocrx_word' id='word_1_190' title='bbox 339 2157 499 2214; x_wconf 87' lang='lat' dir='ltr'>cum</span> <span class='ocrx_word' id='word_1_191' title='bbox 534 2135 862 2224; x_wconf 67' lang='lat' dir='ltr'>omnibns</span> <span class='ocrx_word' id='word_1_192' title='bbox 897 2142 1103 2237; x_wconf 87' lang='lat' dir='ltr'>hujus</span> <span class='ocrx_word' id='word_1_193' title='bbox 1142 2145 1377 2244; x_wconf 85' lang='lat' dir='ltr'>Regni</span> <span class='ocrx_word' id='word_1_194' title='bbox 1410 2133 1670 2222; x_wconf 73' lang='lat' dir='ltr'>incfflis</span> <span class='ocrx_word' id='word_1_195' title='bbox 1705 2145 1950 2248; x_wconf 72' lang='lat' dir='ltr'>aequali</span> <span class='ocrx_word' id='word_1_196' title='bbox 1981 2144 2158 2240; x_wconf 80' lang='lat' dir='ltr'>jure</span> <span class='ocrx_word' id='word_1_197' title='bbox 2183 2140 2466 2219; x_wconf 86' lang='lat' dir='ltr'>censeri</span> <span class='ocrx_word' id='word_1_198' title='bbox 2494 2137 2776 2241; x_wconf 83' lang='lat' dir='ltr'>poffint.</span> <span class='ocrx_word' id='word_1_199' title='bbox 2847 2237 2860 2244; x_wconf 83' lang='lat'><strong>.</strong></span> <span class='ocrx_word' id='word_1_200' title='bbox 3181 2181 3190 2189; x_wconf 90' lang='lat'>-</span> 
     </span>
    </p>

    <p class='ocr_par' dir='ltr' id='par_1_5' title="bbox 216 2238 3312 2943">
     <span class='ocr_line' id='line_1_20' title="bbox 276 2238 3219 2346; baseline 0 -32"><span class='ocrx_word' id='word_1_201' title='bbox 276 2253 285 2260; x_wconf 82' lang='lat'><strong>·</strong></span> <span class='ocrx_word' id='word_1_202' title='bbox 406 2293 415 2302; x_wconf 73' lang='lat'><strong>·</strong></span> <span class='ocrx_word' id='word_1_203' title='bbox 453 2239 550 2315; x_wconf 90' lang='lat' dir='ltr'>Et</span> <span class='ocrx_word' id='word_1_204' title='bbox 591 2242 926 2339; x_wconf 88' lang='lat' dir='ltr'>quoniam</span> <span class='ocrx_word' id='word_1_205' title='bbox 954 2242 1048 2319; x_wconf 88' lang='lat' dir='ltr'>ad</span> <span class='ocrx_word' id='word_1_206' title='bbox 1090 2265 1224 2319; x_wconf 89' lang='lat' dir='ltr'>nos</span> <span class='ocrx_word' id='word_1_207' title='bbox 1257 2301 1281 2333; x_wconf 95' lang='lat'>,</span> <span class='ocrx_word' id='word_1_208' title='bbox 1331 2255 1596 2346; x_wconf 85' lang='lat' dir='ltr'>utpote</span> <span class='ocrx_word' id='word_1_209' title='bbox 1642 2266 1854 2346; x_wconf 83' lang='lat' dir='ltr'>caput</span> <span class='ocrx_word' id='word_1_210' title='bbox 1896 2243 2300 2346; x_wconf 85' lang='lat' dir='ltr'>supremum</span> <span class='ocrx_word' id='word_1_211' title='bbox 2334 2243 2410 2317; x_wconf 89' lang='lat' dir='ltr'>in</span> <span class='ocrx_word' id='word_1_212' title='bbox 2443 2240 2763 2342; x_wconf 88' lang='lat' dir='ltr'>politicis</span> <span class='ocrx_word' id='word_1_213' title='bbox 2798 2238 3219 2337; x_wconf 69' lang='lat' dir='ltr'>reipublicae</span> 
     </span>
     <span class='ocr_line' id='line_1_21' title="bbox 220 2337 3312 2442; baseline 0 -27"><span class='ocrx_word' id='word_1_214' title='bbox 220 2337 649 2416; x_wconf 70' lang='lat' dir='ltr'>Christianae</span> <span class='ocrx_word' id='word_1_215' title='bbox 684 2338 963 2439; x_wconf 68' lang='lat' dir='ltr'>spetfilat</span> <span class='ocrx_word' id='word_1_216' title='bbox 991 2344 1392 2441; x_wconf 70' lang='lat' dir='ltr'>providere</span> <span class='ocrx_word' id='word_1_217' title='bbox 1415 2399 1440 2436; x_wconf 89' lang='lat'>,</span> <span class='ocrx_word' id='word_1_218' title='bbox 1494 2362 1581 2421; x_wconf 88' lang='lat' dir='ltr'>ut</span> <span class='ocrx_word' id='word_1_219' title='bbox 1610 2347 1806 2422; x_wconf 91' lang='lat' dir='ltr'>inter</span> <span class='ocrx_word' id='word_1_220' title='bbox 1852 2344 2175 2438; x_wconf 71' lang='lat' dir='ltr'>subditos</span> <span class='ocrx_word' id='word_1_221' title='bbox 2217 2343 2498 2419; x_wconf 87' lang='lat' dir='ltr'>nostros</span> <span class='ocrx_word' id='word_1_222' title='bbox 2557 2364 2740 2442; x_wconf 58' lang='lat' dir='ltr'>pax„</span> <span class='ocrx_word' id='word_1_223' title='bbox 2794 2339 3218 2432; x_wconf 82' lang='lat' dir='ltr'>concordia,</span> <span class='ocrx_word' id='word_1_224' title='bbox 3307 2437 3312 2442; x_wconf 10' lang='grc' dir='ltr'>Φ</span> 
     </span>
     <span class='ocr_line' id='line_1_22' title="bbox 231 2437 3219 2544; baseline -0 -28"><span class='ocrx_word' id='word_1_225' title='bbox 231 2437 546 2516; x_wconf 76' lang='lat' dir='ltr'>charitas</span> <span class='ocrx_word' id='word_1_226' title='bbox 581 2440 1107 2517; x_wconf 83' lang='lat' dir='ltr'>conserventur</span> <span class='ocrx_word' id='word_1_227' title='bbox 1127 2500 1153 2534; x_wconf 93' lang='lat'>,</span> <span class='ocrx_word' id='word_1_228' title='bbox 1185 2445 1357 2521; x_wconf 85' lang='lat' dir='ltr'>huie</span> <span class='ocrx_word' id='word_1_229' title='bbox 1386 2445 1742 2544; x_wconf 79' lang='lat' dir='ltr'>petitioni</span> <span class='ocrx_word' id='word_1_230' title='bbox 1777 2446 2072 2541; x_wconf 76' lang='lat' dir='ltr'>Domini</span> <span class='ocrx_word' id='word_1_231' title='bbox 2105 2439 2354 2520; x_wconf 87' lang='lat' dir='ltr'>fratris</span> <span class='ocrx_word' id='word_1_232' title='bbox 2388 2442 2614 2518; x_wconf 87' lang='lat' dir='ltr'>nostri</span> <span class='ocrx_word' id='word_1_233' title='bbox 2644 2439 2880 2517; x_wconf 82' lang='lat' dir='ltr'>libere</span> <span class='ocrx_word' id='word_1_234' title='bbox 2913 2438 3219 2518; x_wconf 83' lang='lat' dir='ltr'>subscri·</span> 
     </span>
     <span class='ocr_line' id='line_1_23' title="bbox 223 2536 3223 2628; baseline 0.001 -15"><span class='ocrx_word' id='word_1_235' title='bbox 223 2537 505 2628; x_wconf 81' lang='lat' dir='ltr'>bimuS,</span> <span class='ocrx_word' id='word_1_236' title='bbox 558 2538 629 2614; x_wconf 84' lang='lat'>&amp;</span> <span class='ocrx_word' id='word_1_237' title='bbox 662 2559 744 2618; x_wconf 88' lang='lat' dir='ltr'>ut</span> <span class='ocrx_word' id='word_1_238' title='bbox 778 2539 1282 2620; x_wconf 74' lang='lat' dir='ltr'>Wenceslaus</span> <span class='ocrx_word' id='word_1_239' title='bbox 1317 2544 1411 2619; x_wconf 90' lang='lat' dir='ltr'>de</span> <span class='ocrx_word' id='word_1_240' title='bbox 1451 2542 1847 2622; x_wconf 84' lang='lat' dir='ltr'>Wchinitz</span> <span class='ocrx_word' id='word_1_241' title='bbox 1887 2543 1960 2619; x_wconf 74' lang='grc' dir='ltr'>δι</span> <span class='ocrx_word' id='word_1_242' title='bbox 1988 2544 2263 2620; x_wconf 87' lang='lat' dir='ltr'>Tettau</span> <span class='ocrx_word' id='word_1_243' title='bbox 2298 2544 2373 2617; x_wconf 91' lang='lat' dir='ltr'>in</span> <span class='ocrx_word' id='word_1_244' title='bbox 2409 2539 2714 2617; x_wconf 83' lang='lat' dir='ltr'>Zasmuk</span> <span class='ocrx_word' id='word_1_245' title='bbox 2745 2540 3030 2618; x_wconf 85' lang='lat' dir='ltr'>Domini</span> <span class='ocrx_word' id='word_1_246' title='bbox 3059 2536 3223 2616; x_wconf 78' lang='lat' dir='ltr'>&#39;fia-</span> 
     </span>
     <span class='ocr_line' id='line_1_24' title="bbox 220 2635 3216 2744; baseline -0 -30"><span class='ocrx_word' id='word_1_247' title='bbox 220 2637 367 2714; x_wconf 84' lang='lat' dir='ltr'>tris</span> <span class='ocrx_word' id='word_1_248' title='bbox 416 2641 917 2733; x_wconf 78' lang='lat' dir='ltr'>Camerarius,</span> <span class='ocrx_word' id='word_1_249' title='bbox 972 2643 1041 2718; x_wconf 70' lang='grc' dir='ltr'><strong>ἃ</strong></span> <span class='ocrx_word' id='word_1_250' title='bbox 1071 2665 1324 2724; x_wconf 85' lang='lat' dir='ltr'>omnes</span> <span class='ocrx_word' id='word_1_251' title='bbox 1363 2643 1532 2735; x_wconf 88' lang='lat' dir='ltr'>alii,</span> <span class='ocrx_word' id='word_1_252' title='bbox 1588 2646 1711 2744; x_wconf 87' lang='lat' dir='ltr'>qui</span> <span class='ocrx_word' id='word_1_253' title='bbox 1760 2645 1852 2721; x_wconf 85' lang='lat' dir='ltr'>de</span> <span class='ocrx_word' id='word_1_254' title='bbox 1885 2643 2224 2720; x_wconf 82' lang='lat' dir='ltr'>Bohemis</span> <span class='ocrx_word' id='word_1_255' title='bbox 2281 2639 2466 2741; x_wconf 86' lang='lat' dir='ltr'>apud</span> <span class='ocrx_word' id='word_1_256' title='bbox 2521 2639 2826 2716; x_wconf 86' lang='lat' dir='ltr'>eundem</span> <span class='ocrx_word' id='word_1_257' title='bbox 2872 2635 3216 2729; x_wconf 88' lang='lat' dir='ltr'>fuerunt,</span> 
     </span>
     <span class='ocr_line' id='line_1_25' title="bbox 216 2734 3221 2843; baseline -0 -30"><span class='ocrx_word' id='word_1_258' title='bbox 216 2737 307 2813; x_wconf 66' lang='grc' dir='ltr'>ἃ</span> <span class='ocrx_word' id='word_1_259' title='bbox 340 2734 820 2831; x_wconf 77' lang='lat' dir='ltr'>serviverant,</span> <span class='ocrx_word' id='word_1_260' title='bbox 839 2747 987 2818; x_wconf 82' lang='lat' dir='ltr'>non</span> <span class='ocrx_word' id='word_1_261' title='bbox 1024 2739 1226 2817; x_wconf 84' lang='lat' dir='ltr'>secus</span> <span class='ocrx_word' id='word_1_262' title='bbox 1262 2746 1413 2831; x_wconf 75' lang='lat' dir='ltr'>acsi</span> <span class='ocrx_word' id='word_1_263' title='bbox 1448 2744 1755 2843; x_wconf 86' lang='lat' dir='ltr'>quilibet</span> <span class='ocrx_word' id='word_1_264' title='bbox 1788 2765 2045 2836; x_wconf 90' lang='lat' dir='ltr'>eorum</span> <span class='ocrx_word' id='word_1_265' title='bbox 2065 2740 2519 2841; x_wconf 78' lang='lat' dir='ltr'>singulariter</span> <span class='ocrx_word' id='word_1_266' title='bbox 2552 2739 2845 2817; x_wconf 90' lang='lat' dir='ltr'>nomine</span> <span class='ocrx_word' id='word_1_267' title='bbox 2882 2735 3007 2812; x_wconf 87' lang='lat' dir='ltr'>suo</span> <span class='ocrx_word' id='word_1_268' title='bbox 3044 2759 3221 2837; x_wconf 81' lang='lat' dir='ltr'>pro-</span> 
     </span>
     <span class='ocr_line' id='line_1_26' title="bbox 226 2835 3221 2943; baseline 0.001 -32"><span class='ocrx_word' id='word_1_269' title='bbox 226 2837 405 2937; x_wconf 79' lang='lat' dir='ltr'>prio</span> <span class='ocrx_word' id='word_1_270' title='bbox 445 2837 564 2914; x_wconf 87' lang='lat' dir='ltr'>hic</span> <span class='ocrx_word' id='word_1_271' title='bbox 603 2837 985 2940; x_wconf 89' lang='lat' dir='ltr'>inscriptus</span> <span class='ocrx_word' id='word_1_272' title='bbox 1026 2838 1270 2931; x_wconf 83' lang='lat' dir='ltr'>soret,</span> <span class='ocrx_word' id='word_1_273' title='bbox 1324 2844 1637 2920; x_wconf 86' lang='lat' dir='ltr'>omnium</span> <span class='ocrx_word' id='word_1_274' title='bbox 1677 2867 1975 2933; x_wconf 89' lang='lat' dir='ltr'>eorum,</span> <span class='ocrx_word' id='word_1_275' title='bbox 2032 2867 2185 2943; x_wconf 80' lang='lat' dir='ltr'>quae</span> <span class='ocrx_word' id='word_1_276' title='bbox 2221 2839 2550 2941; x_wconf 87' lang='lat' dir='ltr'>superius</span> <span class='ocrx_word' id='word_1_277' title='bbox 2605 2836 2870 2939; x_wconf 89' lang='lat' dir='ltr'>scripta</span> <span class='ocrx_word' id='word_1_278' title='bbox 2908 2835 3103 2928; x_wconf 85' lang='lat' dir='ltr'>sunt,</span> <span class='ocrx_word' id='word_1_279' title='bbox 3147 2835 3221 2913; x_wconf 69' lang='grc' dir='ltr'>δι</span> 
     </span>
    </p>
   </div>
   <div class='ocr_carea' id='block_1_5' title="bbox 224 2934 3342 3040">
    <p class='ocr_par' dir='ltr' id='par_1_6' title="bbox 224 2934 3342 3040">
     <span class='ocr_line' id='line_1_27' title="bbox 224 2934 3342 3040; baseline 0.001 -29"><span class='ocrx_word' id='word_1_280' title='bbox 224 2961 393 3037; x_wconf 81' lang='lat' dir='ltr'>qnae</span> <span class='ocrx_word' id='word_1_281' title='bbox 430 2936 697 3035; x_wconf 85' lang='lat' dir='ltr'>petitio</span> <span class='ocrx_word' id='word_1_282' title='bbox 747 2940 1037 3017; x_wconf 87' lang='lat' dir='ltr'>Domini</span> <span class='ocrx_word' id='word_1_283' title='bbox 1067 2937 1314 3020; x_wconf 83' lang='lat' dir='ltr'>fratris</span> <span class='ocrx_word' id='word_1_284' title='bbox 1368 2944 1589 3019; x_wconf 89' lang='lat' dir='ltr'>nostri</span> <span class='ocrx_word' id='word_1_285' title='bbox 1630 2944 1709 3019; x_wconf 89' lang='lat' dir='ltr'>in</span> <span class='ocrx_word' id='word_1_286' title='bbox 1742 2942 1839 3020; x_wconf 71' lang='lat' dir='ltr'>vse</span> <span class='ocrx_word' id='word_1_287' title='bbox 1873 2944 2252 3033; x_wconf 86' lang='lat' dir='ltr'>continet,</span> <span class='ocrx_word' id='word_1_288' title='bbox 2307 2941 2701 3040; x_wconf 78' lang='lat' dir='ltr'>participes</span> <span class='ocrx_word' id='word_1_289' title='bbox 2760 2936 2978 3016; x_wconf 85' lang='lat' dir='ltr'>facim</span> <span class='ocrx_word' id='word_1_290' title='bbox 3151 2938 3222 3014; x_wconf 70' lang='grc' dir='ltr'>δι</span> <span class='ocrx_word' id='word_1_291' title='bbox 3321 2934 3342 2989; x_wconf 68' lang='lat' dir='ltr'><em>s</em></span> 
     </span>
    </p>
   </div>
   <div class='ocr_carea' id='block_1_6' title="bbox 60 3037 3218 3157">
    <p class='ocr_par' dir='ltr' id='par_1_7' title="bbox 60 3037 3218 3157">
     <span class='ocr_line' id='line_1_28' title="bbox 60 3037 3218 3157; baseline 0.002 -47"><span class='ocrx_word' id='word_1_292' title='bbox 60 3125 71 3134; x_wconf 25' lang='grc' dir='ltr'><strong><em>ο</em></strong></span> <span class='ocrx_word' id='word_1_293' title='bbox 148 3129 163 3142; x_wconf 32' lang='lat'><strong><em>³</em></strong></span> <span class='ocrx_word' id='word_1_294' title='bbox 210 3054 319 3111; x_wconf 83' lang='lat' dir='ltr'>-ut</span> <span class='ocrx_word' id='word_1_295' title='bbox 348 3037 535 3127; x_wconf 85' lang='lat' dir='ltr'>inis,</span> <span class='ocrx_word' id='word_1_296' title='bbox 606 3040 874 3141; x_wconf 88' lang='lat' dir='ltr'>absque</span> <span class='ocrx_word' id='word_1_297' title='bbox 934 3038 1997 3157; x_wconf 60' lang='lat' dir='ltr'>contradiffionefluacunque</span> <span class='ocrx_word' id='word_1_298' title='bbox 2053 3041 2713 3156; x_wconf 75' lang='lat' dir='ltr'>interpretatione,</span> <span class='ocrx_word' id='word_1_299' title='bbox 2767 3061 3005 3137; x_wconf 81' lang='lat' dir='ltr'>excep</span> <span class='ocrx_word' id='word_1_300' title='bbox 3172 3061 3218 3116; x_wconf 88' lang='lat' dir='ltr'>e</span> 
     </span>
    </p>
   </div>
   <div class='ocr_carea' id='block_1_7' title="bbox 182 3131 3316 4238">
    <p class='ocr_par' dir='ltr' id='par_1_8' title="bbox 182 3131 3316 4238">
     <span class='ocr_line' id='line_1_29' title="bbox 226 3131 3316 3251; baseline 0.002 -41"><span class='ocrx_word' id='word_1_301' title='bbox 226 3131 859 3235; x_wconf 85' lang='lat' dir='ltr'>&amp;impedimento</span> <span class='ocrx_word' id='word_1_302' title='bbox 888 3135 1027 3218; x_wconf 87' lang='lat' dir='ltr'>frui</span> <span class='ocrx_word' id='word_1_303' title='bbox 1050 3139 1333 3241; x_wconf 86' lang='lat' dir='ltr'>poffint,</span> <span class='ocrx_word' id='word_1_304' title='bbox 1371 3142 1691 3242; x_wconf 81' lang='lat' dir='ltr'>gratiose</span> <span class='ocrx_word' id='word_1_305' title='bbox 1725 3140 2159 3233; x_wconf 71' lang='lat' dir='ltr'>alsentimur,</span> <span class='ocrx_word' id='word_1_306' title='bbox 2179 3165 2327 3217; x_wconf 83' lang='lat' dir='ltr'>imo</span> <span class='ocrx_word' id='word_1_307' title='bbox 2357 3141 3002 3228; x_wconf 77' lang='lat' dir='ltr'>ad‘declarandum,</span> <span class='ocrx_word' id='word_1_308' title='bbox 3022 3139 3218 3251; x_wconf 77' lang='lat' dir='ltr'>quod</span> <span class='ocrx_word' id='word_1_309' title='bbox 3297 3185 3316 3198; x_wconf 76' lang='lat'><em>-</em></span> 
     </span>
     <span class='ocr_line' id='line_1_30' title="bbox 230 3233 3238 3342; baseline 0 -29"><span class='ocrx_word' id='word_1_310' title='bbox 230 3233 323 3316; x_wconf 78' lang='lat' dir='ltr'>ad</span> <span class='ocrx_word' id='word_1_311' title='bbox 361 3236 942 3317; x_wconf 87' lang='lat' dir='ltr'>interceffionem</span> <span class='ocrx_word' id='word_1_312' title='bbox 978 3240 1161 3342; x_wconf 84' lang='lat' dir='ltr'>saepe</span> <span class='ocrx_word' id='word_1_313' title='bbox 1191 3242 1534 3318; x_wconf 89' lang='lat' dir='ltr'>nominati</span> <span class='ocrx_word' id='word_1_314' title='bbox 1571 3243 1861 3320; x_wconf 87' lang='lat' dir='ltr'>Domini</span> <span class='ocrx_word' id='word_1_315' title='bbox 1901 3242 2150 3319; x_wconf 84' lang='lat' dir='ltr'>fratris</span> <span class='ocrx_word' id='word_1_316' title='bbox 2187 3241 2412 3318; x_wconf 88' lang='lat' dir='ltr'>nostri</span> <span class='ocrx_word' id='word_1_317' title='bbox 2443 3237 2772 3318; x_wconf 85' lang='lat' dir='ltr'>fraterne</span> <span class='ocrx_word' id='word_1_318' title='bbox 2808 3264 2892 3316; x_wconf 88' lang='lat' dir='ltr'>ac</span> <span class='ocrx_word' id='word_1_319' title='bbox 2910 3240 3238 3338; x_wconf 55' lang='lat' dir='ltr'>charita-3</span> 
     </span>
     <span class='ocr_line' id='line_1_31' title="bbox 230 3336 3222 3442; baseline 0.001 -31"><span class='ocrx_word' id='word_1_320' title='bbox 230 3336 397 3424; x_wconf 64' lang='lat' dir='ltr'>tive,</span> <span class='ocrx_word' id='word_1_321' title='bbox 430 3338 669 3434; x_wconf 83' lang='lat' dir='ltr'>omnia</span> <span class='ocrx_word' id='word_1_322' title='bbox 703 3336 1198 3418; x_wconf 85' lang='lat' dir='ltr'>dissimul‘emus</span> <span class='ocrx_word' id='word_1_323' title='bbox 1230 3397 1254 3430; x_wconf 95' lang='lat'>,</span> <span class='ocrx_word' id='word_1_324' title='bbox 1306 3340 1946 3442; x_wconf 83' lang='lat' dir='ltr'>ignoscamusque,</span> <span class='ocrx_word' id='word_1_325' title='bbox 1998 3343 2211 3417; x_wconf 86' lang='lat' dir='ltr'>etiam</span> <span class='ocrx_word' id='word_1_326' title='bbox 2247 3342 2323 3416; x_wconf 90' lang='lat' dir='ltr'>in</span> <span class='ocrx_word' id='word_1_327' title='bbox 2361 3343 2503 3417; x_wconf 83' lang='lat' dir='ltr'>hoc</span> <span class='ocrx_word' id='word_1_328' title='bbox 2544 3339 2863 3440; x_wconf 79' lang='lat' dir='ltr'>gratiose</span> <span class='ocrx_word' id='word_1_329' title='bbox 2919 3336 3222 3414; x_wconf 70' lang='lat' dir='ltr'>consen-</span> 
     </span>
     <span class='ocr_line' id='line_1_32' title="bbox 234 3433 3266 3542; baseline 0 -30"><span class='ocrx_word' id='word_1_330' title='bbox 234 3435 502 3527; x_wconf 76' lang='lat' dir='ltr'>timuS,</span> <span class='ocrx_word' id='word_1_331' title='bbox 535 3456 619 3513; x_wconf 89' lang='lat' dir='ltr'>ut</span> <span class='ocrx_word' id='word_1_332' title='bbox 663 3457 914 3538; x_wconf 79' lang='lat' dir='ltr'>omnes</span> <span class='ocrx_word' id='word_1_333' title='bbox 967 3442 1353 3517; x_wconf 87' lang='lat' dir='ltr'>citationes</span> <span class='ocrx_word' id='word_1_334' title='bbox 1388 3465 1670 3542; x_wconf 87' lang='lat' dir='ltr'>quacun</span> <span class='ocrx_word' id='word_1_335' title='bbox 1718 3467 1813 3520; x_wconf 90' lang='lat' dir='ltr'>ue</span> <span class='ocrx_word' id='word_1_336' title='bbox 1867 3445 1962 3520; x_wconf 86' lang='lat' dir='ltr'>de</span> <span class='ocrx_word' id='word_1_337' title='bbox 1999 3439 2201 3518; x_wconf 83' lang='lat' dir='ltr'>causa</span> <span class='ocrx_word' id='word_1_338' title='bbox 2239 3436 2471 3530; x_wconf 65' lang='lat' dir='ltr'>fatstae,</span> <span class='ocrx_word' id='word_1_339' title='bbox 2496 3440 2746 3540; x_wconf 80' lang='lat' dir='ltr'>quibus</span> <span class='ocrx_word' id='word_1_340' title='bbox 2786 3437 2995 3537; x_wconf 85' lang='lat' dir='ltr'>supra</span> <span class='ocrx_word' id='word_1_341' title='bbox 3048 3433 3221 3513; x_wconf 85' lang='lat' dir='ltr'>scri·</span> <span class='ocrx_word' id='word_1_342' title='bbox 3261 3486 3266 3491; x_wconf 92' lang='lat'><em>-</em></span> 
     </span>
     <span class='ocr_line' id='line_1_33' title="bbox 231 3469 3222 3656; baseline 0 -43"><span class='ocrx_word' id='word_1_343' title='bbox 231 3535 949 3640; x_wconf 26' lang='lat' dir='ltr'>ptus‘Wenceslau&#39;s</span> <span class='ocrx_word' id='word_1_344' title='bbox 976 3542 1069 3617; x_wconf 89' lang='lat' dir='ltr'>de</span> <span class='ocrx_word' id='word_1_345' title='bbox 1108 3540 1503 3619; x_wconf 86' lang='lat' dir='ltr'>Wchinitz</span> <span class='ocrx_word' id='word_1_346' title='bbox 1552 3540 1621 3617; x_wconf 70' lang='grc' dir='ltr'>δι</span> <span class='ocrx_word' id='word_1_347' title='bbox 1659 3469 1931 3619; x_wconf 46' lang='grc' dir='ltr'>’(Ιίεεωῑι</span> <span class='ocrx_word' id='word_1_348' title='bbox 1978 3541 2329 3640; x_wconf 81' lang='lat' dir='ltr'>(maxime</span> <span class='ocrx_word' id='word_1_349' title='bbox 2370 3539 2566 3641; x_wconf 88' lang='lat' dir='ltr'>quod</span> <span class='ocrx_word' id='word_1_350' title='bbox 2601 3537 2758 3656; x_wconf 82' lang='lat' dir='ltr'>ipse</span> <span class='ocrx_word' id='word_1_351' title='bbox 2796 3559 2929 3638; x_wconf 87' lang='lat' dir='ltr'>per</span> <span class='ocrx_word' id='word_1_352' title='bbox 2968 3539 3222 3614; x_wconf 88' lang='lat' dir='ltr'>Domi-</span> 
     </span>
     <span class='ocr_line' id='line_1_34' title="bbox 230 3632 3226 3740; baseline 0 -27"><span class='ocrx_word' id='word_1_353' title='bbox 230 3659 401 3713; x_wconf 88' lang='lat' dir='ltr'>num</span> <span class='ocrx_word' id='word_1_354' title='bbox 439 3632 737 3716; x_wconf 86' lang='lat' dir='ltr'>fratrem</span> <span class='ocrx_word' id='word_1_355' title='bbox 769 3641 1083 3716; x_wconf 88' lang='lat' dir='ltr'>nostrum</span> <span class='ocrx_word' id='word_1_356' title='bbox 1117 3642 1302 3740; x_wconf 86' lang='lat' dir='ltr'>apud</span> <span class='ocrx_word' id='word_1_357' title='bbox 1328 3664 1463 3717; x_wconf 89' lang='lat' dir='ltr'>nos</span> <span class='ocrx_word' id='word_1_358' title='bbox 1501 3644 1578 3718; x_wconf 87' lang='lat' dir='ltr'>in</span> <span class='ocrx_word' id='word_1_359' title='bbox 1607 3644 1805 3719; x_wconf 88' lang='lat' dir='ltr'>omni</span> <span class='ocrx_word' id='word_1_360' title='bbox 1836 3640 2245 3718; x_wconf 86' lang='lat' dir='ltr'>humilitate</span> <span class='ocrx_word' id='word_1_361' title='bbox 2283 3635 2602 3716; x_wconf 80' lang='lat' dir='ltr'>submiffe</span> <span class='ocrx_word' id='word_1_362' title='bbox 2632 3633 2707 3719; x_wconf 80' lang='lat' dir='ltr'>id</span> <span class='ocrx_word' id='word_1_363' title='bbox 2744 3638 3098 3740; x_wconf 78' lang='lat' dir='ltr'>quaefierit</span> <span class='ocrx_word' id='word_1_364' title='bbox 3136 3659 3226 3714; x_wconf 85' lang='lat' dir='ltr'>ac</span> 
     </span>
     <span class='ocr_line' id='line_1_35' title="bbox 284 3734 3307 3841; baseline 0.001 -29"><span class='ocrx_word' id='word_1_365' title='bbox 284 3734 536 3812; x_wconf 88' lang='lat' dir='ltr'>etierit</span> <span class='ocrx_word' id='word_1_366' title='bbox 554 3746 591 3831; x_wconf 89' lang='lat'><em>)</em></span> <span class='ocrx_word' id='word_1_367' title='bbox 644 3763 686 3813; x_wconf 89' lang='lat' dir='ltr'>a</span> <span class='ocrx_word' id='word_1_368' title='bbox 718 3740 968 3830; x_wconf 62' lang='lat' dir='ltr'>nobis»,</span> <span class='ocrx_word' id='word_1_369' title='bbox 1020 3739 1092 3816; x_wconf 61' lang='grc' dir='ltr'>ὃν,</span> <span class='ocrx_word' id='word_1_370' title='bbox 1122 3741 1617 3819; x_wconf 89' lang='lat' dir='ltr'>Procuratore</span> <span class='ocrx_word' id='word_1_371' title='bbox 1649 3742 1899 3820; x_wconf 80' lang='lat' dir='ltr'>nostro</span> <span class='ocrx_word' id='word_1_372' title='bbox 1945 3743 2120 3819; x_wconf 89' lang='lat' dir='ltr'>loco</span> <span class='ocrx_word' id='word_1_373' title='bbox 2152 3739 2378 3817; x_wconf 86' lang='lat' dir='ltr'>nostri</span> <span class='ocrx_word' id='word_1_374' title='bbox 2431 3740 2518 3815; x_wconf 85' lang='lat' dir='ltr'>ad</span> <span class='ocrx_word' id='word_1_375' title='bbox 2555 3737 2999 3841; x_wconf 82' lang='lat' dir='ltr'>praesentiam</span> <span class='ocrx_word' id='word_1_376' title='bbox 3051 3761 3228 3838; x_wconf 59' lang='lat' dir='ltr'>per-s</span> <span class='ocrx_word' id='word_1_377' title='bbox 3301 3767 3307 3784; x_wconf 66' lang='lat'>¹</span> 
     </span>
     <span class='ocr_line' id='line_1_36' title="bbox 228 3762 3222 3944; baseline 0.001 -30"><span class='ocrx_word' id='word_1_378' title='bbox 228 3762 420 3914; x_wconf 52' lang='lat' dir='ltr'>{011ae</span> <span class='ocrx_word' id='word_1_379' title='bbox 457 3837 711 3914; x_wconf 84' lang='lat' dir='ltr'>nostrae</span> <span class='ocrx_word' id='word_1_380' title='bbox 744 3835 1070 3917; x_wconf 69' lang='lat' dir='ltr'>Caesareo</span> <span class='ocrx_word' id='word_1_381' title='bbox 1112 3841 1357 3942; x_wconf 80' lang='lat' dir='ltr'>Regiae</span> <span class='ocrx_word' id='word_1_382' title='bbox 1388 3845 1476 3919; x_wconf 86' lang='lat' dir='ltr'>ad</span> <span class='ocrx_word' id='word_1_383' title='bbox 1507 3845 1894 3943; x_wconf 88' lang='lat' dir='ltr'>Supremos</span> <span class='ocrx_word' id='word_1_384' title='bbox 1929 3838 2307 3919; x_wconf 81' lang='lat' dir='ltr'>officiales</span> <span class='ocrx_word' id='word_1_385' title='bbox 2347 3839 2421 3915; x_wconf 68' lang='grc' dir='ltr'>δε</span> <span class='ocrx_word' id='word_1_386' title='bbox 2452 3857 2666 3916; x_wconf 79' lang='lat' dir='ltr'>terrae</span> <span class='ocrx_word' id='word_1_387' title='bbox 2698 3839 3010 3944; x_wconf 77' lang='lat' dir='ltr'>Judices</span> <span class='ocrx_word' id='word_1_388' title='bbox 3044 3860 3222 3916; x_wconf 88' lang='lat' dir='ltr'>con-</span> 
     </span>
     <span class='ocr_line' id='line_1_37' title="bbox 229 3936 3223 4036; baseline 0.001 -26"><span class='ocrx_word' id='word_1_389' title='bbox 229 3936 681 4036; x_wconf 80' lang='lat' dir='ltr'>filiatiosque</span> <span class='ocrx_word' id='word_1_390' title='bbox 702 3937 958 4033; x_wconf 82' lang='lat' dir='ltr'>judicii</span> <span class='ocrx_word' id='word_1_391' title='bbox 988 3939 1246 4032; x_wconf 88' lang='lat' dir='ltr'>aulici,</span> <span class='ocrx_word' id='word_1_392' title='bbox 1302 3940 1371 4016; x_wconf 68' lang='grc' dir='ltr'>ἃ</span> <span class='ocrx_word' id='word_1_393' title='bbox 1406 3944 1817 4019; x_wconf 86' lang='lat' dir='ltr'>cameratici</span> <span class='ocrx_word' id='word_1_394' title='bbox 1854 3942 2159 4030; x_wconf 84' lang='lat' dir='ltr'>citatus,</span> <span class='ocrx_word' id='word_1_395' title='bbox 2212 3958 2335 4016; x_wconf 85' lang='lat' dir='ltr'>ant</span> <span class='ocrx_word' id='word_1_396' title='bbox 2378 3937 2744 4016; x_wconf 84' lang='lat' dir='ltr'>accusatus</span> <span class='ocrx_word' id='word_1_397' title='bbox 2778 3936 2962 4027; x_wconf 85' lang='lat' dir='ltr'>fuit,</span> <span class='ocrx_word' id='word_1_398' title='bbox 2987 3936 3223 4022; x_wconf 78' lang='lat' dir='ltr'>irritae</span> 
     </span>
     <span class='ocr_line' id='line_1_38' title="bbox 228 4032 3227 4143; baseline -0.002 -27"><span class='ocrx_word' id='word_1_399' title='bbox 228 4040 391 4126; x_wconf 75' lang='lat' dir='ltr'>lint,</span> <span class='ocrx_word' id='word_1_400' title='bbox 430 4032 502 4109; x_wconf 75' lang='grc' dir='ltr'>δι</span> <span class='ocrx_word' id='word_1_401' title='bbox 533 4037 808 4115; x_wconf 70' lang='grc' dir='ltr'>ἰιιαηεε.</span> <span class='ocrx_word' id='word_1_402' title='bbox 911 4039 1351 4118; x_wconf 87' lang='lat' dir='ltr'>Ordinamus</span> <span class='ocrx_word' id='word_1_403' title='bbox 1388 4045 1660 4143; x_wconf 87' lang='lat' dir='ltr'>itaque,</span> <span class='ocrx_word' id='word_1_404' title='bbox 1691 4051 1777 4118; x_wconf 80' lang='lat' dir='ltr'>ut&#39;</span> <span class='ocrx_word' id='word_1_405' title='bbox 1819 4039 2540 4119; x_wconf 78' lang='lat' dir='ltr'>cancellaria‘nostra</span> <span class='ocrx_word' id='word_1_406' title='bbox 2573 4037 2960 4116; x_wconf 86' lang='lat' dir='ltr'>Bohemica</span> <span class='ocrx_word' id='word_1_407' title='bbox 2994 4036 3083 4113; x_wconf 88' lang='lat' dir='ltr'>ad</span> <span class='ocrx_word' id='word_1_408' title='bbox 3110 4037 3227 4132; x_wconf 82' lang='lat' dir='ltr'>ju-</span> 
     </span>
     <span class='ocr_line' id='line_1_39' title="bbox 182 4133 3308 4238; baseline -0.001 -22"><span class='ocrx_word' id='word_1_409' title='bbox 182 4133 207 4147; x_wconf 82' lang='lat'><strong><em>&#39;</em></strong></span> <span class='ocrx_word' id='word_1_410' title='bbox 234 4136 499 4216; x_wconf 83' lang='lat' dir='ltr'>dicium</span> <span class='ocrx_word' id='word_1_411' title='bbox 536 4141 1059 4218; x_wconf 85' lang='lat' dir='ltr'>Cameraticum</span> <span class='ocrx_word' id='word_1_412' title='bbox 1101 4141 1363 4218; x_wconf 84' lang='lat' dir='ltr'>relatio</span> <span class='ocrx_word' id='word_1_413' title='bbox 1407 4144 1501 4220; x_wconf 92' lang='lat' dir='ltr'>de</span> <span class='ocrx_word' id='word_1_414' title='bbox 1536 4137 1807 4220; x_wconf 70' lang='lat' dir='ltr'>callatis</span> <span class='ocrx_word' id='word_1_415' title='bbox 1848 4140 2204 4238; x_wconf 67' lang='lat' dir='ltr'>eiusmodi</span> <span class='ocrx_word' id='word_1_416' title='bbox 2249 4138 2734 4218; x_wconf 83' lang='lat' dir='ltr'>citationibus·</span> <span class='ocrx_word' id='word_1_417' title='bbox 2765 4155 3053 4218; x_wconf 86' lang='lat' dir='ltr'>emanet</span> <span class='ocrx_word' id='word_1_418' title='bbox 3078 4193 3100 4224; x_wconf 92' lang='lat'>‚</span> <span class='ocrx_word' id='word_1_419' title='bbox 3152 4135 3225 4212; x_wconf 73' lang='grc' dir='ltr'>δι</span> <span class='ocrx_word' id='word_1_420' title='bbox 3297 4225 3308 4230; x_wconf 45' lang='lat'>‚</span> 
     </span>
    </p>
   </div>
   <div class='ocr_carea' id='block_1_8' title="bbox 996 4241 1105 4269">
    <p class='ocr_par' dir='ltr' id='par_1_9' title="bbox 996 4241 1105 4269">
     <span class='ocr_line' id='line_1_40' title="bbox 996 4241 1105 4269; baseline 0 0"><span class='ocrx_word' id='word_1_421' title='bbox 996 4241 1009 4260; x_wconf 50' lang='lat' dir='ltr'>x</span> <span class='ocrx_word' id='word_1_422' title='bbox 1084 4262 1105 4269; x_wconf 47' lang='grc' dir='ltr'>ἢ</span> 
     </span>
    </p>
   </div>
   <div class='ocr_carea' id='block_1_9' title="bbox 234 4233 3123 4352">
    <p class='ocr_par' dir='ltr' id='par_1_10' title="bbox 234 4233 3123 4352">
     <span class='ocr_line' id='line_1_41' title="bbox 234 4233 3123 4352; baseline -0.001 -36"><span class='ocrx_word' id='word_1_423' title='bbox 234 4233 769 4346; x_wconf 75' lang='lat' dir='ltr'>transcribatur.</span> <span class='ocrx_word' id='word_1_424' title='bbox 868 4311 883 4325; x_wconf 79' lang='grc'><strong>,</strong></span> <span class='ocrx_word' id='word_1_425' title='bbox 1028 4345 1043 4352; x_wconf 26' lang='grc' dir='ltr'><em>ι</em></span> <span class='ocrx_word' id='word_1_426' title='bbox 1245 4271 1259 4298; x_wconf 68' lang='grc'><strong><em>&gt;</em></strong></span> <span class='ocrx_word' id='word_1_427' title='bbox 1560 4343 1569 4350; x_wconf 31' lang='grc'><em>“</em></span> <span class='ocrx_word' id='word_1_428' title='bbox 1954 4336 1960 4339; x_wconf 63' lang='lat'>,</span> <span class='ocrx_word' id='word_1_429' title='bbox 2932 4235 3123 4316; x_wconf 86' lang='lat' dir='ltr'>Ulti-</span> 
     </span>
    </p>
   </div>
  </div>
 </body>
</html>
