3867 4742
985 264 2003 368 Housman-Humanum.
2612 284 2619 301 ¹
2782 328 2787 341 ,
2952 273 3101 361 327

175 408 582 519 imparibus
634 408 1124 486 emanaverint
1184 411 1546 498 instituta3
1597 411 1754 488 Nos
1804 402 2585 497 tamendecomn‘iuni
2616 406 2941 484 Fratrum
2974 430 3108 484 no..

169 512 438 587 morum
491 511 831 597 confilio,
904 508 993 583 de
1047 511 1796 612 Archiepiscoporum
1870 531 2160 617 quoque
2231 506 2300 581 &
2353 507 2873 608 Episcoporum
2926 511 3113 609 apud

175 610 592 711 Apostolicaem
638 610 900 685 Sedem
935 604 1205 684 alsensu
1238 608 1624 688 distriffius
1659 610 1992 687 inhibere
2027 608 2476 697 curavimuS,
2529 631 2626 682 ne
2684 609 2846 711 quis
2882 612 3107 695 haere-

189 712 355 787 ticos
379 728 787 807 receptare,
845 704 1291 807 defendere,
1346 730 1466 799 aut
1503 710 1695 810 ipsos
1743 706 2061 798 fovere,
2125 707 2255 785 vel
2301 710 2610 801 credere
2663 713 2762 807 (u)
2811 733 3106 809 quoquo

186 807 370 882 modo
421 806 820 908 praesumat,
871 810 1193 885 Decreto
1247 813 1490 887 nostro
1519 808 1849 887 ‘firmiter
1898 811 2289 885 statuentes
2314 864 2337 896 ,
2406 827 2488 882 ut
2541 808 2595 883 fi
2628 808 2789 907 quis
2840 808 3197 908 aliquid*

180 906 402 983 horum
451 906 700 999 facere
795 904 998 983 forte
1083 908 1609 1011 praesumpserit
1641 968 1667 1001 ,
1735 911 1869 987 nifi
1933 910 2215 1010 primo,
2302 904 2722 984 secundove
2788 929 3110 983 commo-

177 1004 385 1096 nitus,
446 1034 484 1083 a
517 1006 639 1082 sua
671 1006 886 1107 super
916 1010 1058 1084 hoc
1108 1011 1473 1089 curaverit
1535 1009 2086 1112 praesumptione
2137 1002 2453 1096 ceffare,
2506 1004 2662 1106 ipso
2687 1008 2851 1103 jure
2888 1010 2972 1083 fit
3006 1003 3108 1084 fa-

180 1100 311 1180 &us
337 1103 606 1187 infamis
628 1164 654 1197 ,
709 1130 851 1182 nec
884 1108 970 1184 ad
1000 1108 1286 1206 publica
1338 1108 1581 1187 officia
1613 1110 1739 1187 vel
1780 1109 2071 1186 consilia
2108 1107 2474 1185 civitatum
2496 1164 2521 1196 ‚
2571 1106 2695 1184 vel
2720 1108 2804 1205 ad
2829 1108 3113 1206 eligen-

180 1200 290 1283 dos
315 1203 571 1305 aliquos
606 1207 698 1282 ad
726 1208 1177 1302 hujusmodi,
1231 1226 1378 1285 nec¹
1406 1210 1493 1286 ad
1524 1210 2007 1293 testimonium
2041 1207 2492 1296 admittatur,
2518 1240 2523 1247 ·
2547 1208 2632 1282 fit
2670 1208 2887 1283 etiam
2921 1208 3113 1307 iute-

173 1302 453 1395 stabiliss
482 1329 630 1408 nec
667 1307 754 1381 ad
785 1307 1218 1383 haereditatis
1257 1307 1760 1386 successionem
1792 1310 2110 1385 accedat.
2217 1306 2472 1391 Nullus
2509 1325 2863 1405 praeterea
2900 1332 3116 1408 coga-

165 1418 266 1477 tur
297 1403 360 1478 ei
395 1404 618 1506 supet
693 1409 1418 1507 uocunquenegotio
1451 1409 1924 1510 respondere.
2065 1407 2297 1484 Quod
2335 1409 2385 1480 fi
2419 1402 2659 1507 forsan
2697 1406 2948 1509 ,Judex
2985 1430 3117 1483 ex-

171 1503 420 1594 titerit,·
465 1506 627 1600 ejus
690 1504 1024 1581 'ententia
1070 1509 1333 1585 nullam
1393 1511 1718 1585 obtineat
1767 1506 2225 1596 firmitatem,
2272 1528 2413 1582 nec
2466 1503 2685 1583 causa:
2739 1505 2981 1605 aliquae
3022 1508 3118 1583 ad

170 1600 298 1696 ejus
328 1604 755 1682 audientiam
791 1604 1281 1704 perferantur.
1380 1612 1451 1685 Si
1486 1606 1713 1686 fuerit
1748 1609 1923 1685 Adv
1977 1626 2229 1696 catus,
2258 1605 2414 1698 ejus
2461 1604 2942 1704 patrocinium
2960 1606 3119 1680 nul-

167 1699 413 1778 latenus
440 1706 879 1781 admittatur.
985 1709 1059 1783 Si
1094 1708 1429 1798 tabellio,
1504 1710 1924 1785 instrument
2016 1703 2355 1782 confecta
2401 1731 2536 1804 per
2580 1704 2807 1804 ipsum
2861 1705 3118 1781 nullius

167 1802 422 1974 penitus
455 1806 601 1880 fint
633 1806 1021 1895 momenti,
1079 1804 1200 1881 sed
1240 1820 1399 1882 cum
1432 1806 1734 1883 auetore
1770 1808 2149 1906 dampnato
2187 1809 2631 1881 damnentur.
2771 1807 2855 1887 In
2886 1805 3123 1883 fimili-

131 1912 134 1915 “
209 1920 278 1974 us
319 1903 526 1979 etiam
559 1906 758 1979 idem
797 1907 1252 2005 praecipimus
1287 1906 1680 1982 observari.
1784 1908 1856 1982 Si
1888 1930 2072 1984 vero
2108 1902 2343 1991 fuerit,
2377 1904 2751 1999 Clericus,
2801 1908 2884 1981 ab
2920 1906 3117 1981 omni

131 2048 134 2053 ,
172 1994 427 2093 officio,
477 2003 547 2079 &
585 2004 946 2080 beneficio
982 1998 1427 2104 deponatur,
1480 2009 1670 2084 utin
1696 2023 1841 2106 quo
1885 2008 2110 2083 maior
2146 2006 2251 2081 est'
2285 2005 2534 2103 culpa,
2568 2005 2867 2102 gravior
2899 2027 3119 2083 exer-

177 2118 394 2176 ceatur
441 2104 793 2181 vindicta.
934 2107 1005 2181 Si
1043 2107 1200 2204 quis
1214 2125 1476 2225 xautem
1516 2108 1738 2201 tales,
1789 2106 2161 2207 postquam
2208 2101 2483 2180 fuerint
2520 2105 2603 2182 ab
2638 2105 2957 2181 Ecclesia
2991 2105 3121 2179 de·-

171 2201 414 2294 notati,
464 2201 993 2307 contempserit
1031 2206 1354 2295 evitare,
1409 2207 1873 2284 anathematis
1919 2204 1991 2280 se
2030 2206 2376 2285 noverint
2416 2203 2836 2305 sententiam
2882 2207 3125 2283 incur-

131 2362 134 2365 .
173 2293 340 2376 rifl'e.
425 2274 509 2379 in
545 2304 771 2381 terris
798 2327 984 2381 vero
1000 2368 1004 2373 .
1010 2302 1504 2398 jurisdictioni
1535 2308 1788 2382 nostrae
1823 2306 2205 2405 temporali
2245 2304 2618 2400 ihbjecfis,
2654 2307 2838 2382 bona
2871 2327 3129 2399 eorum
3248 2349 3261 2361 ,

178 2397 502 2495 statuimus
537 2404 933 2502 publicari,
958 2404 1028 2479 &
1059 2405 1136 2480 in
1173 2404 1330 2481 aliis
1364 2407 1558 2481 idem
1592 2405 1758 2480 fieri
1787 2408 2234 2505 praecipimus
2270 2428 2408 2510 per
2427 2407 2818 2509 potestates
2838 2402 3128 2480 &Prin-

179 2497 352 2597 cipes
387 2500 789 2592 seculares,
829 2528 1011 2602 quos
1044 2505 1130 2580 ad
1159 2504 1233 2581 id
1267 2506 1811 2603 exequendum,
1864 2506 1913 2579 fi
1954 2501 2153 2579 forte
2188 2505 2653 2604 negligentes
2703 2505 3124 2594 existerent,

131 2600 634 2705 ,manavimus
680 2605 1152 2703 ecclesiastica
1204 2603 1599 2703 severitate
1636 2604 2020 2704 compelli,
2075 2627 2210 2695 nec
2260 2606 2349 2691 ad
2394 2627 2527 2693 eos
2575 2605 2762 2701 bona
2811 2602 3129 2703 ipsorum

178 2696 443 2807 ulterius
477 2720 993 2796 revertantur,
1030 2706 1159 2781 nifi
1205 2707 1312 2780 eis
1351 2705 1437 2780 ad
1471 2728 1602 2780 cor
1640 2704 2158 2796 redeuntibuS,
2215 2705 2282 2778 &
2333 2703 2846 2803 abnegantibus
2900 2704 3128 2793 11210-

131 2878 134 2905 3
175 2813 451 2875 ncorum
486 2800 930 2878 consortium
965 2806 1221 2904 aliquis
1256 2805 1581 2884 voluerit
1613 2802 1941 2883 misereri
1975 2862 2000 2894 ,
2050 2822 2133 2880 ut
2166 2805 2587 2905 temporalis
2639 2801 2882 2879 saltem
2930 2825 3126 2901 paena

181 2899 538 2997 corripiat3
601 2925 814 2998 quem
859 2903 1237 3002 spiritualis
1290 2928 1439 2982 non
1478 2907 1787 3003 corrigit
1840 2904 2232 3003 disciplina,
2379 2904 2825 3006 Accepimus
2859 2923 3125 2995 autem,

131 3060 132 3063 a
178 2996 340 3093 qnod
371 3022 530 3077 cum
563 3022 802 3100 nuper
842 3005 1298 3080 Venerabilis
1335 3003 1558 3080 frater
1593 3000 1843 3081 noster‘
1873 3008 2304 3179 {palatenfis
2345 3004 2966 3113 Archiepiscopus
2992 3007 3131 3081 Pa·-

131 3126 134 3133 ·
177 3110 434 3177 tarenos
468 3103 595 3198 (x)
631 3124 779 3176 non
814 3112 1083 3202 paucos
1140 3106 1232 3179 de
1272 3104 1687 3206 spalatenst,
1744 3106 1816 3198 81
1930 3111 2336 3214 rugurietfi
2359 3105 2770 3182 civitatibus
2835 3101 3133 3202 effugas*
3188 3180 3193 3191 ,

131 3236 134 3297 ;
175 3189 304 3285 fet,
349 3196 636 3275 Nobilis
670 3201 810 3275 Vir
852 3197 1135 3280 Cidinus
1186 3204 1425 3282 Banus
1468 3205 1774 3313 Bqffi'nus
1814 3213 1849 3297 (
1915 3208 1945 3307 )
1997 3205 2358 3304 iniquitati
2411 3228 2667 3284 eorum
2715 3225 2861 3279 nou
2907 3201 3130 3283 solum

131 3338 134 3343 ·
179 3299 821 3392 tintinnabulum,
872 3302 996 3377 sed
1032 3303 1101 3377 &
1140 3305 1531 3401 praefidium
1598 3322 1818 3385 contu
1849 3328 1907 3381 1t
1972 3302 2470 3397 manifestum,
2523 3303 2596 3378 &
2669 3301 3129 3401 perversitati
3200 3370 3205 3379 ,

179 3399 549 3475 eorundem
587 3419 852 3475 terram
894 3400 1079 3477 suam
1107 3459 1133 3492 ,
1188 3400 1258 3477 &
1294 3401 1368 3478 se
1403 3401 1630 3502 ipsum
1668 3426 2092 3502 exponens,
2146 3403 2339 3504 ipsos
2376 3426 2513 3504 pro
2551 3400 2974 3488 Catholicis,
3000 3399 3131 3474 ima

175 3512 283 3605 3119
311 3497 491 3574 ultra
523 3499 941 3579 catholicos
986 3503 1418 3592 honoravit,
1474 3520 1688 3580 vocat
1727 3525 1859 3578 eos
1888 3502 2449 3580 antonomastice
2492 3501 2935 3596 Christianos.
3007 3497 3127 3579 Ne

131 3602 378 3688 *lgaur
412 3598 821 3692 hujusmodi
860 3603 1190 3694 morbus,
1243 3604 1296 3677 fi
1334 3603 1490 3697 eJus
1519 3626 1667 3678 11011
1707 3605 2076 3681 obfistatur
2124 3600 2501 3703 principiis
2532 3601 2773 3678 vicina
2795 3620 3130 3674 corrtun-
3232 3616 3238 3625 ·

131 3722 134 3799 3
178 3708 325 3787 pat,
371 3694 441 3795 63.
468 3698 548 3773 in
577 3721 888 3803 regnum
911 3757 937 3793 ,
993 3701 1188 3807 quod
1220 3700 1391 3779 abfit
1411 3706 1440 3797 j,
1506 3705 1844 3815 Ungariae
1887 3702 2156 3791 defluat
2185 3703 2380 3787 labes
2417 3702 2615 3807 ejus,
2667 3694 3130 3785 serenitatem

131 3810 134 3823 .
725 3852 750 3867 ο,
862 3834 882 3841 ff
1879 3835 1884 3839 -
2332 3860 2338 3866 .
2638 3856 2657 3873 ..
2910 3821 3037 3883 te-

177 4014 262 4102 (ss)
297 4030 509 4094 ⁴Forte:
558 4026 761 4106 celare.
931 4037 1036 4118 (x)
1077 4010 1486 4104 Putat-enorum
1539 4040 1634 4105 seu
1665 4043 2064 4105 patarinorum
2110 4040 2324 4105 boerefis
2356 4057 2477 4101 non
2522 4037 2711 4100 multo
2743 4050 2896 4114 ante,
2926 4052 3138 4118 nempe

369 4135 524 4179 anno
563 4135 756 4199 1179.
791 4143 822 4184 a
864 4116 1129 4186 Concilio
1161 4123 1521 4186 Lata-rancun
1555 4124 1654 4188 sub
1685 4126 2020 4186 Alexandro
2060 4124 2159 4186 111.
2195 4123 2459 4185 damnata
2492 4122 2619 4183 fuit·
2882 4116 3012 4199 (y)
3066 4118 3136 4180 ld

281 4268 292 4273 -
373 4197 453 4259 est
486 4201 673 4267 Banus
707 4202 803 4266 seu
833 4204 975 4268 Dux
1007 4205 1240 4284 Bosniae,
1289 4229 1468 4289 quem
1505 4209 1810 4305 Rainaldus
1847 4224 1952 4290 30·
1984 4208 2147 4272 annis
2176 4207 2481 4289 provincie
2515 4204 2797 4291 prefuisse
2832 4204 3137 4270 memorat.
